
<record>
  <controlfield tag="001">2891489</controlfield>
  <controlfield tag="005">20240318150419.0</controlfield>
  <datafield tag="024" ind1="8" ind2=" ">
    <subfield code="a">oai:cds.cern.ch:2891489</subfield>
    <subfield code="p">cerncds:FULLTEXT</subfield>
    <subfield code="p">cerncds:CERN:FULLTEXT</subfield>
    <subfield code="p">cerncds:CERN</subfield>
  </datafield>
  <datafield tag="024" ind1="7" ind2=" ">
    <subfield code="2">DOI</subfield>
    <subfield code="9">APS</subfield>
    <subfield code="a">10.1103/PhysRevLett.130.122502</subfield>
    <subfield code="q">publication</subfield>
  </datafield>
  <datafield tag="035" ind1=" " ind2=" ">
    <subfield code="9">arXiv</subfield>
    <subfield code="a">oai:arXiv.org:2302.07394</subfield>
  </datafield>
  <datafield tag="035" ind1=" " ind2=" ">
    <subfield code="9">Inspire</subfield>
    <subfield code="a">oai:inspirehep.net:2632787</subfield>
    <subfield code="d">2024-03-13T20:08:03Z</subfield>
    <subfield code="h">2024-03-14T03:20:11Z</subfield>
    <subfield code="m">marcxml</subfield>
    <subfield code="t">true</subfield>
    <subfield code="u">https://inspirehep.net/api/oai2d</subfield>
  </datafield>
  <datafield tag="035" ind1=" " ind2=" ">
    <subfield code="9">Inspire</subfield>
    <subfield code="a">2632787</subfield>
  </datafield>
  <datafield tag="037" ind1=" " ind2=" ">
    <subfield code="9">arXiv</subfield>
    <subfield code="a">arXiv:2302.07394</subfield>
    <subfield code="c">nucl-ex</subfield>
  </datafield>
  <datafield tag="041" ind1=" " ind2=" ">
    <subfield code="a">eng</subfield>
  </datafield>
  <datafield tag="100" ind1=" " ind2=" ">
    <subfield code="a">Rocchini, M.</subfield>
    <subfield code="u">Guelph U.</subfield>
    <subfield code="v">Department of Physics, University of Guelph, N1G 2W1 Guelph, Canada</subfield>
  </datafield>
  <datafield tag="245" ind1=" " ind2=" ">
    <subfield code="9">APS</subfield>
    <subfield code="a">First Evidence of Axial Shape Asymmetry and Configuration Coexistence in &lt;math display="inline">&lt;mrow>&lt;mmultiscripts>&lt;mrow>&lt;mi>Zn&lt;/mi>&lt;/mrow>&lt;mprescripts/>&lt;none/>&lt;mrow>&lt;mn>74&lt;/mn>&lt;/mrow>&lt;/mmultiscripts>&lt;/mrow>&lt;/math>: Suggestion for a Northern Extension of the &lt;math display="inline">&lt;mi>N&lt;/mi>&lt;mo>=&lt;/mo>&lt;mn>40&lt;/mn>&lt;/math> Island of Inversion</subfield>
  </datafield>
  <datafield tag="260" ind1=" " ind2=" ">
    <subfield code="c">2023-03-24</subfield>
  </datafield>
  <datafield tag="269" ind1=" " ind2=" ">
    <subfield code="c">2023-02-14</subfield>
  </datafield>
  <datafield tag="300" ind1=" " ind2=" ">
    <subfield code="a">6 p</subfield>
  </datafield>
  <datafield tag="520" ind1=" " ind2=" ">
    <subfield code="9">APS</subfield>
    <subfield code="a">The excited states of &lt;math display="inline">&lt;mi>N&lt;/mi>&lt;mo>=&lt;/mo>&lt;mn>44&lt;/mn>&lt;/math> &lt;math display="inline">&lt;mrow>&lt;mmultiscripts>&lt;mrow>&lt;mi>Zn&lt;/mi>&lt;/mrow>&lt;mprescripts/>&lt;none/>&lt;mrow>&lt;mn>74&lt;/mn>&lt;/mrow>&lt;/mmultiscripts>&lt;/mrow>&lt;/math> were investigated via &lt;math display="inline">&lt;mi>γ&lt;/mi>&lt;/math>-ray spectroscopy following &lt;math display="inline">&lt;mrow>&lt;mmultiscripts>&lt;mrow>&lt;mi>Cu&lt;/mi>&lt;/mrow>&lt;mprescripts/>&lt;none/>&lt;mrow>&lt;mn>74&lt;/mn>&lt;/mrow>&lt;/mmultiscripts>&lt;/mrow>&lt;/math> &lt;math display="inline">&lt;mi>β&lt;/mi>&lt;/math> decay. By exploiting &lt;math display="inline">&lt;mrow>&lt;mi>γ&lt;/mi>&lt;mtext>-&lt;/mtext>&lt;mi>γ&lt;/mi>&lt;/mrow>&lt;/math> angular correlation analysis, the &lt;math display="inline">&lt;msubsup>&lt;mn>2&lt;/mn>&lt;mn>2&lt;/mn>&lt;mo>+&lt;/mo>&lt;/msubsup>&lt;/math>, &lt;math display="inline">&lt;msubsup>&lt;mn>3&lt;/mn>&lt;mn>1&lt;/mn>&lt;mo>+&lt;/mo>&lt;/msubsup>&lt;/math>, &lt;math display="inline">&lt;msubsup>&lt;mn>0&lt;/mn>&lt;mn>2&lt;/mn>&lt;mo>+&lt;/mo>&lt;/msubsup>&lt;/math>, and &lt;math display="inline">&lt;msubsup>&lt;mn>2&lt;/mn>&lt;mn>3&lt;/mn>&lt;mo>+&lt;/mo>&lt;/msubsup>&lt;/math> states in &lt;math display="inline">&lt;mrow>&lt;mmultiscripts>&lt;mrow>&lt;mi>Zn&lt;/mi>&lt;/mrow>&lt;mprescripts/>&lt;none/>&lt;mrow>&lt;mn>74&lt;/mn>&lt;/mrow>&lt;/mmultiscripts>&lt;/mrow>&lt;/math> were firmly established. The &lt;math display="inline">&lt;mi>γ&lt;/mi>&lt;/math>-ray branching and &lt;math display="inline">&lt;mi>E&lt;/mi>&lt;mn>2&lt;/mn>&lt;mo>/&lt;/mo>&lt;mi>M&lt;/mi>&lt;mn>1&lt;/mn>&lt;/math> mixing ratios for transitions deexciting the &lt;math display="inline">&lt;msubsup>&lt;mn>2&lt;/mn>&lt;mn>2&lt;/mn>&lt;mo>+&lt;/mo>&lt;/msubsup>&lt;/math>, &lt;math display="inline">&lt;msubsup>&lt;mn>3&lt;/mn>&lt;mn>1&lt;/mn>&lt;mo>+&lt;/mo>&lt;/msubsup>&lt;/math>, and &lt;math display="inline">&lt;msubsup>&lt;mn>2&lt;/mn>&lt;mn>3&lt;/mn>&lt;mo>+&lt;/mo>&lt;/msubsup>&lt;/math> states were measured, allowing for the extraction of relative &lt;math display="inline">&lt;mi>B&lt;/mi>&lt;mo stretchy="false">(&lt;/mo>&lt;mi>E&lt;/mi>&lt;mn>2&lt;/mn>&lt;mo stretchy="false">)&lt;/mo>&lt;/math> values. In particular, the &lt;math display="inline">&lt;msubsup>&lt;mn>2&lt;/mn>&lt;mn>3&lt;/mn>&lt;mo>+&lt;/mo>&lt;/msubsup>&lt;mo stretchy="false">→&lt;/mo>&lt;msubsup>&lt;mn>0&lt;/mn>&lt;mn>2&lt;/mn>&lt;mo>+&lt;/mo>&lt;/msubsup>&lt;/math> and &lt;math display="inline">&lt;msubsup>&lt;mn>2&lt;/mn>&lt;mn>3&lt;/mn>&lt;mo>+&lt;/mo>&lt;/msubsup>&lt;mo stretchy="false">→&lt;/mo>&lt;msubsup>&lt;mn>4&lt;/mn>&lt;mn>1&lt;/mn>&lt;mo>+&lt;/mo>&lt;/msubsup>&lt;/math> transitions were observed for the first time. The results show excellent agreement with new microscopic large-scale shell-model calculations, and are discussed in terms of underlying shapes, as well as the role of neutron excitations across the &lt;math display="inline">&lt;mi>N&lt;/mi>&lt;mo>=&lt;/mo>&lt;mn>40&lt;/mn>&lt;/math> gap. Enhanced axial shape asymmetry (triaxiality) is suggested to characterize &lt;math display="inline">&lt;mrow>&lt;mmultiscripts>&lt;mrow>&lt;mi>Zn&lt;/mi>&lt;/mrow>&lt;mprescripts/>&lt;none/>&lt;mrow>&lt;mn>74&lt;/mn>&lt;/mrow>&lt;/mmultiscripts>&lt;/mrow>&lt;/math> in its ground state. Furthermore, an excited &lt;math display="inline">&lt;mi>K&lt;/mi>&lt;mo>=&lt;/mo>&lt;mn>0&lt;/mn>&lt;/math> band with a significantly larger softness in its shape is identified. A shore of the &lt;math display="inline">&lt;mi>N&lt;/mi>&lt;mo>=&lt;/mo>&lt;mn>40&lt;/mn>&lt;/math> “island of inversion” appears to manifest above &lt;math display="inline">&lt;mi>Z&lt;/mi>&lt;mo>=&lt;/mo>&lt;mn>26&lt;/mn>&lt;/math>, previously thought as its northern limit in the chart of the nuclides.</subfield>
  </datafield>
  <datafield tag="520" ind1=" " ind2=" ">
    <subfield code="9">arXiv</subfield>
    <subfield code="a">The excited states of $N=44$$^{74}$Zn were investigated via $\gamma$-ray spectroscopy following $^{74}$Cu $\beta$ decay. By exploiting $\gamma$-$\gamma$ angular correlation analysis, the $2_2^+$, $3_1^+$, $0_2^+$ and $2_3^+$ states in $^{74}$Zn were firmly established. The $\gamma$-ray branching and $E2/M1$ mixing ratios for transitions de-exciting the $2_2^+$, $3_1^+$ and $2_3^+$ states were measured, allowing for the extraction of relative $B(E2)$ values. In particular, the $2_3^+ \to 0_2^+$ and $2_3^+ \to 4_1^+$ transitions were observed for the first time. The results show excellent agreement with new microscopic large-scale shell-model calculations, and are discussed in terms of underlying shapes, as well as the role of neutron excitations across the $N=40$ gap. Enhanced axial shape asymmetry (triaxiality) is suggested to characterize $^{74}$Zn in its ground state. Furthermore, an excited $K=0$ band with a significantly larger softness in its shape is identified. A shore of the $N=40$``island of inversion'' appears to manifest above $Z=26$, previously thought as its northern limit in the chart of the nuclides.</subfield>
  </datafield>
  <datafield tag="540" ind1=" " ind2=" ">
    <subfield code="3">preprint</subfield>
    <subfield code="a">arXiv nonexclusive-distrib 1.0</subfield>
    <subfield code="u">http://arxiv.org/licenses/nonexclusive-distrib/1.0/</subfield>
  </datafield>
  <datafield tag="542" ind1=" " ind2=" ">
    <subfield code="3">publication</subfield>
    <subfield code="d">American Physical Society</subfield>
    <subfield code="g">2023</subfield>
  </datafield>
  <datafield tag="595" ind1=" " ind2=" ">
    <subfield code="c">CDS</subfield>
  </datafield>
  <datafield tag="595" ind1=" " ind2=" ">
    <subfield code="c">HAL</subfield>
  </datafield>
  <datafield tag="650" ind1="1" ind2="7">
    <subfield code="2">arXiv</subfield>
    <subfield code="a">nucl-th</subfield>
  </datafield>
  <datafield tag="650" ind1="1" ind2="7">
    <subfield code="2">SzGeCERN</subfield>
    <subfield code="a">Nuclear Physics - Theory</subfield>
  </datafield>
  <datafield tag="650" ind1="1" ind2="7">
    <subfield code="2">arXiv</subfield>
    <subfield code="a">nucl-ex</subfield>
  </datafield>
  <datafield tag="650" ind1="1" ind2="7">
    <subfield code="2">SzGeCERN</subfield>
    <subfield code="a">Nuclear Physics - Experiment</subfield>
  </datafield>
  <datafield tag="690" ind1="C" ind2=" ">
    <subfield code="a">CERN</subfield>
  </datafield>
  <datafield tag="690" ind1="C" ind2=" ">
    <subfield code="a">ARTICLE</subfield>
  </datafield>
  <datafield tag="700" ind1=" " ind2=" ">
    <subfield code="a">Garrett, P.E.</subfield>
    <subfield code="u">Guelph U.</subfield>
    <subfield code="v">Department of Physics, University of Guelph, N1G 2W1 Guelph, Canada</subfield>
  </datafield>
  <datafield tag="700" ind1=" " ind2=" ">
    <subfield code="a">Zielínska, M.</subfield>
    <subfield code="u">IRFU, Saclay</subfield>
    <subfield code="v">IRFU, CEA, Université Paris-Saclay, F-91191 Gif-sur-Yvette, France</subfield>
  </datafield>
  <datafield tag="700" ind1=" " ind2=" ">
    <subfield code="a">Lenzi, S.M.</subfield>
    <subfield code="u">Padua U.</subfield>
    <subfield code="u">INFN, Padua</subfield>
    <subfield code="v">Dipartimento di Fisica, Università di Padova, I-35122 Padova, Italy</subfield>
    <subfield code="v">INFN Sezione di Padova, I-35131 Padova, Italy</subfield>
  </datafield>
  <datafield tag="700" ind1=" " ind2=" ">
    <subfield code="a">Dao, D.D.</subfield>
    <subfield code="u">Strasbourg, IPHC</subfield>
    <subfield code="v">Université de Strasbourg, CNRS, IPHC UMR 7178, F-67000 Strasbourg, France</subfield>
  </datafield>
  <datafield tag="700" ind1=" " ind2=" ">
    <subfield code="a">Nowacki, F.</subfield>
    <subfield code="u">Strasbourg, IPHC</subfield>
    <subfield code="v">Université de Strasbourg, CNRS, IPHC UMR 7178, F-67000 Strasbourg, France</subfield>
  </datafield>
  <datafield tag="700" ind1=" " ind2=" ">
    <subfield code="a">Bildstein, V.</subfield>
    <subfield code="u">Guelph U.</subfield>
    <subfield code="v">Department of Physics, University of Guelph, N1G 2W1 Guelph, Canada</subfield>
  </datafield>
  <datafield tag="700" ind1=" " ind2=" ">
    <subfield code="a">MacLean, A.D.</subfield>
    <subfield code="u">Guelph U.</subfield>
    <subfield code="v">Department of Physics, University of Guelph, N1G 2W1 Guelph, Canada</subfield>
  </datafield>
  <datafield tag="700" ind1=" " ind2=" ">
    <subfield code="a">Olaizola, B.</subfield>
    <subfield code="u">TRIUMF</subfield>
    <subfield code="u">CERN</subfield>
    <subfield code="v">TRIUMF, V6T 2A3 Vancouver, Canada</subfield>
    <subfield code="v">Present address: CERN, CH-1211 Geneva, Switzerland.</subfield>
  </datafield>
  <datafield tag="700" ind1=" " ind2=" ">
    <subfield code="a">Ahmed, Z.T.</subfield>
    <subfield code="u">Guelph U.</subfield>
    <subfield code="v">Department of Physics, University of Guelph, N1G 2W1 Guelph, Canada</subfield>
  </datafield>
  <datafield tag="700" ind1=" " ind2=" ">
    <subfield code="a">Andreoiu, C.</subfield>
    <subfield code="u">Simon Fraser U.</subfield>
    <subfield code="v">Department of Chemistry, Simon Fraser University, V5A 1S6 Burnaby, Canada</subfield>
  </datafield>
  <datafield tag="700" ind1=" " ind2=" ">
    <subfield code="a">Babu, A.</subfield>
    <subfield code="u">TRIUMF</subfield>
    <subfield code="v">TRIUMF, V6T 2A3 Vancouver, Canada</subfield>
  </datafield>
  <datafield tag="700" ind1=" " ind2=" ">
    <subfield code="a">Ball, G.C.</subfield>
    <subfield code="u">TRIUMF</subfield>
    <subfield code="v">TRIUMF, V6T 2A3 Vancouver, Canada</subfield>
  </datafield>
  <datafield tag="700" ind1=" " ind2=" ">
    <subfield code="a">Bhattacharjee, S.S.</subfield>
    <subfield code="u">TRIUMF</subfield>
    <subfield code="v">TRIUMF, V6T 2A3 Vancouver, Canada</subfield>
  </datafield>
  <datafield tag="700" ind1=" " ind2=" ">
    <subfield code="a">Bidaman, H.</subfield>
    <subfield code="u">Guelph U.</subfield>
    <subfield code="v">Department of Physics, University of Guelph, N1G 2W1 Guelph, Canada</subfield>
  </datafield>
  <datafield tag="700" ind1=" " ind2=" ">
    <subfield code="a">Cheng, C.</subfield>
    <subfield code="u">TRIUMF</subfield>
    <subfield code="v">TRIUMF, V6T 2A3 Vancouver, Canada</subfield>
  </datafield>
  <datafield tag="700" ind1=" " ind2=" ">
    <subfield code="a">Coleman, R.</subfield>
    <subfield code="u">Guelph U.</subfield>
    <subfield code="v">Department of Physics, University of Guelph, N1G 2W1 Guelph, Canada</subfield>
  </datafield>
  <datafield tag="700" ind1=" " ind2=" ">
    <subfield code="a">Dillmann, I.</subfield>
    <subfield code="u">TRIUMF</subfield>
    <subfield code="u">Victoria U.</subfield>
    <subfield code="v">Department of Physics and Astronomy, University of Victoria, V8P 5C2 Victoria, Canada</subfield>
    <subfield code="v">TRIUMF, V6T 2A3 Vancouver, Canada</subfield>
  </datafield>
  <datafield tag="700" ind1=" " ind2=" ">
    <subfield code="a">Garnsworthy, A.B.</subfield>
    <subfield code="u">TRIUMF</subfield>
    <subfield code="v">TRIUMF, V6T 2A3 Vancouver, Canada</subfield>
  </datafield>
  <datafield tag="700" ind1=" " ind2=" ">
    <subfield code="a">Gillespie, S.</subfield>
    <subfield code="u">TRIUMF</subfield>
    <subfield code="v">TRIUMF, V6T 2A3 Vancouver, Canada</subfield>
  </datafield>
  <datafield tag="700" ind1=" " ind2=" ">
    <subfield code="a">Griffin, C.J.</subfield>
    <subfield code="u">TRIUMF</subfield>
    <subfield code="v">TRIUMF, V6T 2A3 Vancouver, Canada</subfield>
  </datafield>
  <datafield tag="700" ind1=" " ind2=" ">
    <subfield code="a">Grinyer, G.F.</subfield>
    <subfield code="u">Regina U.</subfield>
    <subfield code="v">Department of Physics, University of Regina, S4S 0A2 Regina, Canada</subfield>
  </datafield>
  <datafield tag="700" ind1=" " ind2=" ">
    <subfield code="a">Hackman, G.</subfield>
    <subfield code="u">TRIUMF</subfield>
    <subfield code="v">TRIUMF, V6T 2A3 Vancouver, Canada</subfield>
  </datafield>
  <datafield tag="700" ind1=" " ind2=" ">
    <subfield code="a">Hanley, M.</subfield>
    <subfield code="u">Colorado School of Mines</subfield>
    <subfield code="v">Department of Physics, Colorado School of Mines, Golden, Colorado 80401, USA</subfield>
  </datafield>
  <datafield tag="700" ind1=" " ind2=" ">
    <subfield code="a">Illana, A.</subfield>
    <subfield code="u">Jyvaskyla U.</subfield>
    <subfield code="v">Accelerator Laboratory, Department of Physics, University of Jyväskylä, FI-40014 Jyväskylä, Finland</subfield>
  </datafield>
  <datafield tag="700" ind1=" " ind2=" ">
    <subfield code="a">Jones, S.</subfield>
    <subfield code="u">Tennessee U.</subfield>
    <subfield code="v">Department of Physics and Astronomy, University of Tennessee, Knoxville, Tennessee 37996, USA</subfield>
  </datafield>
  <datafield tag="700" ind1=" " ind2=" ">
    <subfield code="a">Laffoley, A.T.</subfield>
    <subfield code="u">Guelph U.</subfield>
    <subfield code="v">Department of Physics, University of Guelph, N1G 2W1 Guelph, Canada</subfield>
  </datafield>
  <datafield tag="700" ind1=" " ind2=" ">
    <subfield code="a">Leach, K.G.</subfield>
    <subfield code="u">Colorado School of Mines</subfield>
    <subfield code="v">Department of Physics, Colorado School of Mines, Golden, Colorado 80401, USA</subfield>
  </datafield>
  <datafield tag="700" ind1=" " ind2=" ">
    <subfield code="a">Lubna, R.S.</subfield>
    <subfield code="u">TRIUMF</subfield>
    <subfield code="v">TRIUMF, V6T 2A3 Vancouver, Canada</subfield>
  </datafield>
  <datafield tag="700" ind1=" " ind2=" ">
    <subfield code="a">McAfee, J.</subfield>
    <subfield code="u">TRIUMF</subfield>
    <subfield code="u">Surrey U.</subfield>
    <subfield code="v">Department of Physics, University of Surrey, GU2 7XH Guildford, United Kingdom</subfield>
    <subfield code="v">TRIUMF, V6T 2A3 Vancouver, Canada</subfield>
  </datafield>
  <datafield tag="700" ind1=" " ind2=" ">
    <subfield code="a">Natzke, C.</subfield>
    <subfield code="u">TRIUMF</subfield>
    <subfield code="u">Colorado School of Mines</subfield>
    <subfield code="v">Department of Physics, Colorado School of Mines, Golden, Colorado 80401, USA</subfield>
    <subfield code="v">TRIUMF, V6T 2A3 Vancouver, Canada</subfield>
  </datafield>
  <datafield tag="700" ind1=" " ind2=" ">
    <subfield code="a">Pannu, S.</subfield>
    <subfield code="u">Guelph U.</subfield>
    <subfield code="v">Department of Physics, University of Guelph, N1G 2W1 Guelph, Canada</subfield>
  </datafield>
  <datafield tag="700" ind1=" " ind2=" ">
    <subfield code="a">Paxman, C.</subfield>
    <subfield code="u">TRIUMF</subfield>
    <subfield code="u">Surrey U.</subfield>
    <subfield code="v">Department of Physics, University of Surrey, GU2 7XH Guildford, United Kingdom</subfield>
    <subfield code="v">TRIUMF, V6T 2A3 Vancouver, Canada</subfield>
  </datafield>
  <datafield tag="700" ind1=" " ind2=" ">
    <subfield code="a">Porzio, C.</subfield>
    <subfield code="u">TRIUMF</subfield>
    <subfield code="u">INFN, Milan</subfield>
    <subfield code="u">Milan U.</subfield>
    <subfield code="v">Dipartimento di Fisica, Università di Milano, I-20133 Milano, Italy</subfield>
    <subfield code="v">INFN Sezione di Milano, I-20133 Milano, Italy</subfield>
    <subfield code="v">TRIUMF, V6T 2A3 Vancouver, Canada</subfield>
  </datafield>
  <datafield tag="700" ind1=" " ind2=" ">
    <subfield code="a">Radich, A.J.</subfield>
    <subfield code="u">Guelph U.</subfield>
    <subfield code="v">Department of Physics, University of Guelph, N1G 2W1 Guelph, Canada</subfield>
  </datafield>
  <datafield tag="700" ind1=" " ind2=" ">
    <subfield code="a">Rajabali, M.M.</subfield>
    <subfield code="u">Tennessee Tech. U.</subfield>
    <subfield code="v">Physics Department, Tennessee Technological University, Cookeville, Tennessee 38505, USA</subfield>
  </datafield>
  <datafield tag="700" ind1=" " ind2=" ">
    <subfield code="a">Sarazin, F.</subfield>
    <subfield code="u">Colorado School of Mines</subfield>
    <subfield code="v">Department of Physics, Colorado School of Mines, Golden, Colorado 80401, USA</subfield>
  </datafield>
  <datafield tag="700" ind1=" " ind2=" ">
    <subfield code="a">Schwarz, K.</subfield>
    <subfield code="u">TRIUMF</subfield>
    <subfield code="v">TRIUMF, V6T 2A3 Vancouver, Canada</subfield>
  </datafield>
  <datafield tag="700" ind1=" " ind2=" ">
    <subfield code="a">Shadrick, S.</subfield>
    <subfield code="u">Colorado School of Mines</subfield>
    <subfield code="v">Department of Physics, Colorado School of Mines, Golden, Colorado 80401, USA</subfield>
  </datafield>
  <datafield tag="700" ind1=" " ind2=" ">
    <subfield code="a">Sharma, S.</subfield>
    <subfield code="u">Regina U.</subfield>
    <subfield code="v">Department of Physics, University of Regina, S4S 0A2 Regina, Canada</subfield>
  </datafield>
  <datafield tag="700" ind1=" " ind2=" ">
    <subfield code="a">Suh, J.</subfield>
    <subfield code="u">Regina U.</subfield>
    <subfield code="v">Department of Physics, University of Regina, S4S 0A2 Regina, Canada</subfield>
  </datafield>
  <datafield tag="700" ind1=" " ind2=" ">
    <subfield code="a">Svensson, C.E.</subfield>
    <subfield code="u">Guelph U.</subfield>
    <subfield code="v">Department of Physics, University of Guelph, N1G 2W1 Guelph, Canada</subfield>
  </datafield>
  <datafield tag="700" ind1=" " ind2=" ">
    <subfield code="a">Yates, D.</subfield>
    <subfield code="u">TRIUMF</subfield>
    <subfield code="u">British Columbia U.</subfield>
    <subfield code="v">Department of Physics and Astronomy, University of British Columbia, V6T 1Z4 Vancouver, Canada</subfield>
    <subfield code="v">TRIUMF, V6T 2A3 Vancouver, Canada</subfield>
  </datafield>
  <datafield tag="700" ind1=" " ind2=" ">
    <subfield code="a">Zidar, T.</subfield>
    <subfield code="u">Guelph U.</subfield>
    <subfield code="v">Department of Physics, University of Guelph, N1G 2W1 Guelph, Canada</subfield>
  </datafield>
  <datafield tag="773" ind1=" " ind2=" ">
    <subfield code="c">122502</subfield>
    <subfield code="m">publication</subfield>
    <subfield code="n">12</subfield>
    <subfield code="p">Phys. Rev. Lett.</subfield>
    <subfield code="v">130</subfield>
    <subfield code="y">2023</subfield>
  </datafield>
  <datafield tag="856" ind1="4" ind2=" ">
    <subfield code="8">2517943</subfield>
    <subfield code="s">14703</subfield>
    <subfield code="u">http://cds.cern.ch/record/2891489/files/new_transitions.png</subfield>
    <subfield code="y">00001 Portions of the $^{74}$Zn $\gamma$-ray spectra in coincidence with $\gamma$ rays: (a) 812 keV ($4_1^+ \to 2_1^+$) (b) 1183 keV ($0_2^+ \to 2_1^+$). The 730-keV and 359-keV $\gamma$ rays are newly assigned as the $2_3^+ \to 4_1^+$ and $2_3^+ \to 0_2^+$ transitions, respectively. The 681-keV and 710-keV $\gamma$ rays were observed previously~\cite{tracy-2018}.</subfield>
  </datafield>
  <datafield tag="856" ind1="4" ind2=" ">
    <subfield code="8">2517944</subfield>
    <subfield code="s">43740</subfield>
    <subfield code="u">http://cds.cern.ch/record/2891489/files/AC.png</subfield>
    <subfield code="y">00000 Measured $\gamma$-$\gamma$ angular correlation functions $W(\theta)$, where $\theta$ is the opening angle between the GRIFFIN detectors, and reduced $\chi^2$ as a function of the arctangent of the mixing ratio $\delta$, for the $0_2^+ \to 2_1^+ \to 0_1^+$ (panels a and b) and $3_1^+ \to 2_1^+ \to 0_1^+$ cascades (panels c and d). The energies of the states involved in each cascade (in keV) are indicated. The $\chi^2$ distributions corresponding to different spin hypotheses for the initial state are labelled accordingly, with the continuous lines indicating the $99\%$ confidence limit.</subfield>
  </datafield>
  <datafield tag="856" ind1="4" ind2=" ">
    <subfield code="8">2517945</subfield>
    <subfield code="s">15750</subfield>
    <subfield code="u">http://cds.cern.ch/record/2891489/files/occupations.png</subfield>
    <subfield code="y">00004 Difference in occupation numbers with respect to the normal filling of the proton ($\pi$) and neutron ($\nu$) orbitals considered in the present LSSM calculations for $^{74}$Zn (left panel: ground-state band, right panel: band built on the $0_2^+$ state).</subfield>
  </datafield>
  <datafield tag="856" ind1="4" ind2=" ">
    <subfield code="8">2517946</subfield>
    <subfield code="s">9979</subfield>
    <subfield code="u">http://cds.cern.ch/record/2891489/files/spectra.png</subfield>
    <subfield code="y">00002 Partial experimental level scheme of $^{74}$Zn (EXP) compared with shell-model calculations (SM) and shell-model calculations in a deformed Hartree-Fock basis (DNO-SM). The states are labelled with their spin, parity, and energy (in keV) and organized in bands. Only in-band transitions are displayed, and their labels correspond to calculated $B(E2)$ values in W.u.</subfield>
  </datafield>
  <datafield tag="856" ind1="4" ind2=" ">
    <subfield code="8">2517947</subfield>
    <subfield code="s">119959</subfield>
    <subfield code="u">http://cds.cern.ch/record/2891489/files/shapes.png</subfield>
    <subfield code="y">00003 Normalized probability to find a deformation $(\beta,\gamma)$ in specific $^{74}$Zn states represented with circles on the PES, whose radii are proportional to the probability.</subfield>
  </datafield>
  <datafield tag="856" ind1="4" ind2=" ">
    <subfield code="8">2517948</subfield>
    <subfield code="s">854827</subfield>
    <subfield code="u">http://cds.cern.ch/record/2891489/files/2302.07394.pdf</subfield>
    <subfield code="y">Fulltext</subfield>
  </datafield>
  <datafield tag="856" ind1="4" ind2=" ">
    <subfield code="8">2517949</subfield>
    <subfield code="s">13428</subfield>
    <subfield code="u">http://cds.cern.ch/record/2891489/files/excitations.png</subfield>
    <subfield code="y">00005 Neutron excitations from the $pf$ shell into the $0g_{9/2}$, $1d_{5/2}$ orbitals (red) and percentage of the $0p0h$ configuration (blue) in the ground state and the $0^+_2$ state (continuous and dashed lines, respectively) in Zn isotopes with $40\le N\le50$.</subfield>
  </datafield>
  <datafield tag="960" ind1=" " ind2=" ">
    <subfield code="a">13</subfield>
  </datafield>
  <datafield tag="980" ind1=" " ind2=" ">
    <subfield code="a">ARTICLE</subfield>
  </datafield>
</record>