
<record>
  <controlfield tag="001">2891488</controlfield>
  <controlfield tag="005">20240327141706.0</controlfield>
  <datafield tag="024" ind1="8" ind2=" ">
    <subfield code="a">oai:cds.cern.ch:2891488</subfield>
    <subfield code="p">cerncds:FULLTEXT</subfield>
    <subfield code="p">cerncds:CERN:FULLTEXT</subfield>
    <subfield code="p">cerncds:CERN</subfield>
  </datafield>
  <datafield tag="024" ind1="7" ind2=" ">
    <subfield code="2">DOI</subfield>
    <subfield code="9">APS</subfield>
    <subfield code="a">10.1103/PhysRevD.107.074011</subfield>
    <subfield code="q">publication</subfield>
  </datafield>
  <datafield tag="035" ind1=" " ind2=" ">
    <subfield code="9">arXiv</subfield>
    <subfield code="a">oai:arXiv.org:2207.12133</subfield>
  </datafield>
  <datafield tag="035" ind1=" " ind2=" ">
    <subfield code="9">Inspire</subfield>
    <subfield code="a">oai:inspirehep.net:2122289</subfield>
    <subfield code="d">2024-03-13T20:08:01Z</subfield>
    <subfield code="h">2024-03-14T03:20:07Z</subfield>
    <subfield code="m">marcxml</subfield>
    <subfield code="t">true</subfield>
    <subfield code="u">https://inspirehep.net/api/oai2d</subfield>
  </datafield>
  <datafield tag="035" ind1=" " ind2=" ">
    <subfield code="9">Inspire</subfield>
    <subfield code="a">2122289</subfield>
  </datafield>
  <datafield tag="037" ind1=" " ind2=" ">
    <subfield code="9">arXiv</subfield>
    <subfield code="a">arXiv:2207.12133</subfield>
    <subfield code="c">hep-ph</subfield>
  </datafield>
  <datafield tag="041" ind1=" " ind2=" ">
    <subfield code="a">eng</subfield>
  </datafield>
  <datafield tag="100" ind1=" " ind2=" ">
    <subfield code="a">Prasad, Suraj</subfield>
    <subfield code="u">Indian Inst. Tech., Kanpur</subfield>
    <subfield code="v">Department of Physics, Indian Institute of Technology Indore, Simrol, Indore 453552, India</subfield>
  </datafield>
  <datafield tag="245" ind1=" " ind2=" ">
    <subfield code="9">APS</subfield>
    <subfield code="a">Probing initial geometrical anisotropy and final azimuthal anisotropy in heavy-ion collisions at Large Hadron Collider energies through event-shape engineering</subfield>
  </datafield>
  <datafield tag="260" ind1=" " ind2=" ">
    <subfield code="c">2023-04-01</subfield>
  </datafield>
  <datafield tag="269" ind1=" " ind2=" ">
    <subfield code="c">2022-07-25</subfield>
  </datafield>
  <datafield tag="300" ind1=" " ind2=" ">
    <subfield code="a">12 p</subfield>
  </datafield>
  <datafield tag="520" ind1=" " ind2=" ">
    <subfield code="9">APS</subfield>
    <subfield code="a">Anisotropic flow is accredited to have effects from the initial state geometry and fluctuations in the nuclear overlap region. The elliptic flow (&lt;math display="inline">&lt;msub>&lt;mi>v&lt;/mi>&lt;mn>2&lt;/mn>&lt;/msub>&lt;/math>) and triangular flow (&lt;math display="inline">&lt;msub>&lt;mi>v&lt;/mi>&lt;mn>3&lt;/mn>&lt;/msub>&lt;/math>) coefficients of the final state particles are expected to have influenced by eccentricity (&lt;math display="inline">&lt;msub>&lt;mi>ϵ&lt;/mi>&lt;mn>2&lt;/mn>&lt;/msub>&lt;/math>) and triangularity (&lt;math display="inline">&lt;msub>&lt;mi>ϵ&lt;/mi>&lt;mn>3&lt;/mn>&lt;/msub>&lt;/math>) of the participants, respectively. In this work, we study &lt;math display="inline">&lt;msub>&lt;mi>v&lt;/mi>&lt;mn>2&lt;/mn>&lt;/msub>&lt;/math>, &lt;math display="inline">&lt;msub>&lt;mi>v&lt;/mi>&lt;mn>3&lt;/mn>&lt;/msub>&lt;/math>, &lt;math display="inline">&lt;msub>&lt;mi>ϵ&lt;/mi>&lt;mn>2&lt;/mn>&lt;/msub>&lt;/math>, &lt;math display="inline">&lt;msub>&lt;mi>ϵ&lt;/mi>&lt;mn>3&lt;/mn>&lt;/msub>&lt;/math>, and the correlations among them with respect to event topology in the framework of a multiphase transport model (AMPT). We use transverse spherocity and reduced flow vector as event shape classifiers in this study. Transverse spherocity has the unique ability to separate events based on geometrical shapes, i.e., jetty and isotropic, which pertain to pQCD and non-pQCD domains of particle production in high-energy physics, respectively. We use the two-particle correlation method to study different anisotropic flow coefficients. We confront transverse spherocity with a more widely used event shape classifier–reduced flow vector (&lt;math display="inline">&lt;msub>&lt;mi>q&lt;/mi>&lt;mi>n&lt;/mi>&lt;/msub>&lt;/math>) and they are found to have significant (anti)correlations among them. We observe significant spherocity dependence on &lt;math display="inline">&lt;msub>&lt;mi>v&lt;/mi>&lt;mn>2&lt;/mn>&lt;/msub>&lt;/math>, &lt;math display="inline">&lt;msub>&lt;mi>v&lt;/mi>&lt;mn>3&lt;/mn>&lt;/msub>&lt;/math>, and &lt;math display="inline">&lt;msub>&lt;mi>ϵ&lt;/mi>&lt;mn>2&lt;/mn>&lt;/msub>&lt;/math>. This work also addresses transverse momentum dependent crossing points between &lt;math display="inline">&lt;msub>&lt;mi>v&lt;/mi>&lt;mn>2&lt;/mn>&lt;/msub>&lt;/math> and &lt;math display="inline">&lt;msub>&lt;mi>v&lt;/mi>&lt;mn>3&lt;/mn>&lt;/msub>&lt;/math>, which varies for different centrality and spherocity percentiles.</subfield>
  </datafield>
  <datafield tag="520" ind1=" " ind2=" ">
    <subfield code="9">arXiv</subfield>
    <subfield code="a">Anisotropic flow is accredited to have effects from the initial state geometry and fluctuations in the nuclear overlap region. The elliptic flow ($v_2$) and triangular flow ($v_3$) coefficients of the final state particles are expected to have influenced by eccentricity ($\varepsilon_2$) and triangularity ($\varepsilon_3$) of the participants, respectively. In this work, we study $v_2$, $v_3$, $\varepsilon_2$, $\varepsilon_3$ and the correlations among them with respect to event topology in the framework of a multi-phase transport model (AMPT). We use transverse spherocity and reduced flow vector as event shape classifiers in this study. Transverse spherocity has the unique ability to separate events based on geometrical shapes, i.e., jetty and isotropic, which pertain to pQCD and non-pQCD domains of particle production in high-energy physics, respectively. We use the two-particle correlation method to study different anisotropic flow coefficients. We confront transverse spherocity with a more widely used event shape classifier -- reduced flow vector ($q_n$) and they are found to have significant (anti-)correlations among them. We observe significant spherocity dependence on $v_2$, $v_3$ and $\varepsilon_2$. This work also addresses transverse momentum dependent crossing points between $v_2$ and $v_3$, which varies for different centrality and spherocity percentiles.</subfield>
  </datafield>
  <datafield tag="540" ind1=" " ind2=" ">
    <subfield code="3">publication</subfield>
    <subfield code="a">CC BY 4.0</subfield>
    <subfield code="f">SCOAP3</subfield>
    <subfield code="u">https://creativecommons.org/licenses/by/4.0/</subfield>
  </datafield>
  <datafield tag="540" ind1=" " ind2=" ">
    <subfield code="3">preprint</subfield>
    <subfield code="a">CC BY-SA 4.0</subfield>
    <subfield code="u">http://creativecommons.org/licenses/by-sa/4.0/</subfield>
  </datafield>
  <datafield tag="542" ind1=" " ind2=" ">
    <subfield code="3">publication</subfield>
    <subfield code="d">authors</subfield>
    <subfield code="g">2023</subfield>
  </datafield>
  <datafield tag="595" ind1=" " ind2=" ">
    <subfield code="c">CDS</subfield>
  </datafield>
  <datafield tag="595" ind1=" " ind2="D">
    <subfield code="a">E</subfield>
    <subfield code="d">2022-07-28</subfield>
    <subfield code="s">abs</subfield>
  </datafield>
  <datafield tag="595" ind1=" " ind2="D">
    <subfield code="a">E</subfield>
    <subfield code="d">2022-08-01</subfield>
    <subfield code="s">printed</subfield>
  </datafield>
  <datafield tag="650" ind1="1" ind2="7">
    <subfield code="2">arXiv</subfield>
    <subfield code="a">nucl-th</subfield>
  </datafield>
  <datafield tag="650" ind1="1" ind2="7">
    <subfield code="2">SzGeCERN</subfield>
    <subfield code="a">Nuclear Physics - Theory</subfield>
  </datafield>
  <datafield tag="650" ind1="1" ind2="7">
    <subfield code="2">arXiv</subfield>
    <subfield code="a">nucl-ex</subfield>
  </datafield>
  <datafield tag="650" ind1="1" ind2="7">
    <subfield code="2">SzGeCERN</subfield>
    <subfield code="a">Nuclear Physics - Experiment</subfield>
  </datafield>
  <datafield tag="650" ind1="1" ind2="7">
    <subfield code="2">arXiv</subfield>
    <subfield code="a">hep-th</subfield>
  </datafield>
  <datafield tag="650" ind1="1" ind2="7">
    <subfield code="2">SzGeCERN</subfield>
    <subfield code="a">Particle Physics - Theory</subfield>
  </datafield>
  <datafield tag="650" ind1="1" ind2="7">
    <subfield code="2">arXiv</subfield>
    <subfield code="a">hep-ex</subfield>
  </datafield>
  <datafield tag="650" ind1="1" ind2="7">
    <subfield code="2">SzGeCERN</subfield>
    <subfield code="a">Particle Physics - Experiment</subfield>
  </datafield>
  <datafield tag="650" ind1="1" ind2="7">
    <subfield code="2">arXiv</subfield>
    <subfield code="a">hep-ph</subfield>
  </datafield>
  <datafield tag="650" ind1="1" ind2="7">
    <subfield code="2">SzGeCERN</subfield>
    <subfield code="a">Particle Physics - Phenomenology</subfield>
  </datafield>
  <datafield tag="690" ind1="C" ind2=" ">
    <subfield code="a">CERN</subfield>
  </datafield>
  <datafield tag="690" ind1="C" ind2=" ">
    <subfield code="a">ARTICLE</subfield>
  </datafield>
  <datafield tag="700" ind1=" " ind2=" ">
    <subfield code="a">Mallick, Neelkamal</subfield>
    <subfield code="u">Indian Inst. Tech., Kanpur</subfield>
    <subfield code="v">Department of Physics, Indian Institute of Technology Indore, Simrol, Indore 453552, India</subfield>
  </datafield>
  <datafield tag="700" ind1=" " ind2=" ">
    <subfield code="a">Tripathy, Sushanta</subfield>
    <subfield code="u">INFN, Bologna</subfield>
    <subfield code="u">CERN</subfield>
    <subfield code="v">INFN—sezione di Bologna, via Irnerio 46, 40126 Bologna BO, Italy</subfield>
    <subfield code="v">Present address: CERN, 1211 Geneva, Switzerland.</subfield>
  </datafield>
  <datafield tag="700" ind1=" " ind2=" ">
    <subfield code="a">Sahoo, Raghunath</subfield>
    <subfield code="m">raghunath.sahoo@cern.ch</subfield>
    <subfield code="u">Indian Inst. Tech., Kanpur</subfield>
    <subfield code="v">Department of Physics, Indian Institute of Technology Indore, Simrol, Indore 453552, India</subfield>
  </datafield>
  <datafield tag="773" ind1=" " ind2=" ">
    <subfield code="c">074011</subfield>
    <subfield code="m">publication</subfield>
    <subfield code="n">7</subfield>
    <subfield code="p">Phys. Rev. D</subfield>
    <subfield code="v">107</subfield>
    <subfield code="x">Phys. Rev. D 107, 074011 (2023)</subfield>
    <subfield code="y">2023</subfield>
  </datafield>
  <datafield tag="856" ind1="4" ind2=" ">
    <subfield code="8">2517920</subfield>
    <subfield code="s">17606</subfield>
    <subfield code="u">http://cds.cern.ch/record/2891488/files/vncompdataATLAS.png</subfield>
    <subfield code="y">00020 (Color Online) $\langle v_2\rangle$ and $\langle v_3\rangle$ vs centrality for $S_0$ integrated events for Pb--Pb collisions at $\rm\sqrt{s_{NN}}$ = 5.02 TeV using AMPT compared with the similar ALICE \cite{ALICE:2016ccg} (top) and ATLAS \cite{ATLAS:2019dct} (bottom) results.</subfield>
  </datafield>
  <datafield tag="856" ind1="4" ind2=" ">
    <subfield code="8">2517921</subfield>
    <subfield code="s">886353</subfield>
    <subfield code="u">http://cds.cern.ch/record/2891488/files/Publication.pdf</subfield>
    <subfield code="y">Fulltext</subfield>
  </datafield>
  <datafield tag="856" ind1="4" ind2=" ">
    <subfield code="8">2517922</subfield>
    <subfield code="s">16106</subfield>
    <subfield code="u">http://cds.cern.ch/record/2891488/files/v3vscent.png</subfield>
    <subfield code="y">00007 (Color Online) Mean triangular flow ($\langle v_{3}\rangle$) as a function of centrality for different spherocity classes in Pb--Pb collisions at $\rm \sqrt{s_{NN}}$ = 5.02 TeV.</subfield>
  </datafield>
  <datafield tag="856" ind1="4" ind2=" ">
    <subfield code="8">2517923</subfield>
    <subfield code="s">14792</subfield>
    <subfield code="u">http://cds.cern.ch/record/2891488/files/deltaphi4050.png</subfield>
    <subfield code="y">00005 (Color Online) One dimensional two-particle azimuthal correlation function for low-$S_{0}$, high-$S_{0}$ and $S_{0}$ integrated events in Pb--Pb collisions at $\rm{\sqrt{s_{NN}} =  5.02}$  TeV for (0-10)\% (top) and (40-50)\% (bottom) centrality classes \cite{Mallick:2020ium}.</subfield>
  </datafield>
  <datafield tag="856" ind1="4" ind2=" ">
    <subfield code="8">2517924</subfield>
    <subfield code="s">15920</subfield>
    <subfield code="u">http://cds.cern.ch/record/2891488/files/vncompdata.png</subfield>
    <subfield code="y">00019 (Color Online) $\langle v_2\rangle$ and $\langle v_3\rangle$ vs centrality for $S_0$ integrated events for Pb--Pb collisions at $\rm\sqrt{s_{NN}}$ = 5.02 TeV using AMPT compared with the similar ALICE \cite{ALICE:2016ccg} (top) and ATLAS \cite{ATLAS:2019dct} (bottom) results.</subfield>
  </datafield>
  <datafield tag="856" ind1="4" ind2=" ">
    <subfield code="8">2517925</subfield>
    <subfield code="s">13235</subfield>
    <subfield code="u">http://cds.cern.ch/record/2891488/files/ints010.png</subfield>
    <subfield code="y">00013 (Color Online) Single particle elliptic (red) and triangular (blue) flow for high-$S_{0}$ (left column), $S_{0}$ integrated (middle column) and low-$S_{0}$ (right column) events for Pb--Pb collisions at $\sqrt{s_{NN}} = $ 5.02 TeV for (0-10)\% (top) and (40-50)\% (bottom) centrality classes using AMPT.</subfield>
  </datafield>
  <datafield tag="856" ind1="4" ind2=" ">
    <subfield code="8">2517926</subfield>
    <subfield code="s">15320</subfield>
    <subfield code="u">http://cds.cern.ch/record/2891488/files/v3v2ratio.png</subfield>
    <subfield code="y">00008 (Color Online) $\langle v_3\rangle/\langle v_2\rangle$ vs centrality for different spherocity events in Pb--Pb collisions at $\sqrt{s_{NN}}$ = 5.02 TeV.</subfield>
  </datafield>
  <datafield tag="856" ind1="4" ind2=" ">
    <subfield code="8">2517927</subfield>
    <subfield code="s">16074</subfield>
    <subfield code="u">http://cds.cern.ch/record/2891488/files/v3_40_50.png</subfield>
    <subfield code="y">00011 (Color Online) Single particle triangular flow ($v_{3}(p_{\rm T}^{\rm a})$)  for high-$S_{0}$, $S_{0}$ integrated and low-$S_{0}$ events for Pb--Pb collisions at $\sqrt{s_{NN}} = $ 5.02 TeV for (40-50)\% centrality class.</subfield>
  </datafield>
  <datafield tag="856" ind1="4" ind2=" ">
    <subfield code="8">2517928</subfield>
    <subfield code="s">26514</subfield>
    <subfield code="u">http://cds.cern.ch/record/2891488/files/deltaphi010.png</subfield>
    <subfield code="y">00004 (Color Online) One dimensional two-particle azimuthal correlation function for low-$S_{0}$, high-$S_{0}$ and $S_{0}$ integrated events in Pb--Pb collisions at $\rm{\sqrt{s_{NN}} =  5.02}$  TeV for (0-10)\% (top) and (40-50)\% (bottom) centrality classes \cite{Mallick:2020ium}.</subfield>
  </datafield>
  <datafield tag="856" ind1="4" ind2=" ">
    <subfield code="8">2517929</subfield>
    <subfield code="s">43186</subfield>
    <subfield code="u">http://cds.cern.ch/record/2891488/files/sphero.png</subfield>
    <subfield code="y">00000 (Color Online) Schematic picture showing jetty and isotropic events in the transverse plane.</subfield>
  </datafield>
  <datafield tag="856" ind1="4" ind2=" ">
    <subfield code="8">2517930</subfield>
    <subfield code="s">826715</subfield>
    <subfield code="u">http://cds.cern.ch/record/2891488/files/2207.12133.pdf</subfield>
    <subfield code="y">Fulltext</subfield>
  </datafield>
  <datafield tag="856" ind1="4" ind2=" ">
    <subfield code="8">2517931</subfield>
    <subfield code="s">43268</subfield>
    <subfield code="u">http://cds.cern.ch/record/2891488/files/ratioe2e3.png</subfield>
    <subfield code="y">00002 (Color Online)Event-average eccentricity ($\langle\varepsilon_{2}\rangle$) (top), triangularity ($\langle\varepsilon_{3}\rangle$) (middle) and the ratio ($\rm{\langle \varepsilon_{3}\rangle}/\rm{\langle\varepsilon_{2}\rangle}$) (bottom) as a function of centrality for low-$\rm{S_{0}}$ (red diamond), high-$\rm{S_{0}}$ (blue square) and integrated $\rm{S_{0}}$ (black circle) events in Pb--Pb collisions at $\rm{\sqrt{s_{NN}} =  5.02}$  TeV using AMPT.</subfield>
  </datafield>
  <datafield tag="856" ind1="4" ind2=" ">
    <subfield code="8">2517932</subfield>
    <subfield code="s">12999</subfield>
    <subfield code="u">http://cds.cern.ch/record/2891488/files/lows4050.png</subfield>
    <subfield code="y">00017 (Color Online) Single particle elliptic (red) and triangular (blue) flow for high-$S_{0}$ (left column), $S_{0}$ integrated (middle column) and low-$S_{0}$ (right column) events for Pb--Pb collisions at $\sqrt{s_{NN}} = $ 5.02 TeV for (0-10)\% (top) and (40-50)\% (bottom) centrality classes using AMPT.</subfield>
  </datafield>
  <datafield tag="856" ind1="4" ind2=" ">
    <subfield code="8">2517933</subfield>
    <subfield code="s">33640</subfield>
    <subfield code="u">http://cds.cern.ch/record/2891488/files/PCCe2e3sphero.png</subfield>
    <subfield code="y">00003 (Color Online) Pearson correlation coefficient between eccentricity and triangularity as a function of centrality for low-$\rm{S_{0}}$ (red diamond), high-$\rm{S_{0}}$ (blue square) and integrated $\rm{S_{0}}$ (black circle) events in Pb--Pb collisions at $\rm{\sqrt{s_{NN}} =  5.02}$  TeV using AMPT.</subfield>
  </datafield>
  <datafield tag="856" ind1="4" ind2=" ">
    <subfield code="8">2517934</subfield>
    <subfield code="s">12721</subfield>
    <subfield code="u">http://cds.cern.ch/record/2891488/files/ints4050.png</subfield>
    <subfield code="y">00016 (Color Online) Single particle elliptic (red) and triangular (blue) flow for high-$S_{0}$ (left column), $S_{0}$ integrated (middle column) and low-$S_{0}$ (right column) events for Pb--Pb collisions at $\sqrt{s_{NN}} = $ 5.02 TeV for (0-10)\% (top) and (40-50)\% (bottom) centrality classes using AMPT.</subfield>
  </datafield>
  <datafield tag="856" ind1="4" ind2=" ">
    <subfield code="8">2517935</subfield>
    <subfield code="s">15603</subfield>
    <subfield code="u">http://cds.cern.ch/record/2891488/files/v2vscent.png</subfield>
    <subfield code="y">00006 (Color Online) Mean elliptic flow ($\langle v_2\rangle$) vs centrality for different spherocity classes in Pb--Pb collisions at $\rm \sqrt{s_{NN}}$ = 5.02 TeV.</subfield>
  </datafield>
  <datafield tag="856" ind1="4" ind2=" ">
    <subfield code="8">2517936</subfield>
    <subfield code="s">12914</subfield>
    <subfield code="u">http://cds.cern.ch/record/2891488/files/highs010.png</subfield>
    <subfield code="y">00012 (Color Online) Single particle elliptic (red) and triangular (blue) flow for high-$S_{0}$ (left column), $S_{0}$ integrated (middle column) and low-$S_{0}$ (right column) events for Pb--Pb collisions at $\sqrt{s_{NN}} = $ 5.02 TeV for (0-10)\% (top) and (40-50)\% (bottom) centrality classes using AMPT.</subfield>
  </datafield>
  <datafield tag="856" ind1="4" ind2=" ">
    <subfield code="8">2517937</subfield>
    <subfield code="s">12072</subfield>
    <subfield code="u">http://cds.cern.ch/record/2891488/files/lows010.png</subfield>
    <subfield code="y">00014 (Color Online) Single particle elliptic (red) and triangular (blue) flow for high-$S_{0}$ (left column), $S_{0}$ integrated (middle column) and low-$S_{0}$ (right column) events for Pb--Pb collisions at $\sqrt{s_{NN}} = $ 5.02 TeV for (0-10)\% (top) and (40-50)\% (bottom) centrality classes using AMPT.</subfield>
  </datafield>
  <datafield tag="856" ind1="4" ind2=" ">
    <subfield code="8">2517938</subfield>
    <subfield code="s">16573</subfield>
    <subfield code="u">http://cds.cern.ch/record/2891488/files/v2e2vscent.png</subfield>
    <subfield code="y">00009 (Color Online) $\langle v_2 \rangle/\langle \epsilon_2 \rangle$ (top) and $\langle v_3 \rangle/\langle \epsilon_3 \rangle$ (bottom) vs centrality for different spherocity classes in Pb--Pb collisions at $\rm\sqrt{s_{NN}}$ = 5.02 TeV using AMPT.</subfield>
  </datafield>
  <datafield tag="856" ind1="4" ind2=" ">
    <subfield code="8">2517939</subfield>
    <subfield code="s">16659</subfield>
    <subfield code="u">http://cds.cern.ch/record/2891488/files/v3e3vscent.png</subfield>
    <subfield code="y">00010 (Color Online) $\langle v_2 \rangle/\langle \epsilon_2 \rangle$ (top) and $\langle v_3 \rangle/\langle \epsilon_3 \rangle$ (bottom) vs centrality for different spherocity classes in Pb--Pb collisions at $\rm\sqrt{s_{NN}}$ = 5.02 TeV using AMPT.</subfield>
  </datafield>
  <datafield tag="856" ind1="4" ind2=" ">
    <subfield code="8">2517940</subfield>
    <subfield code="s">12555</subfield>
    <subfield code="u">http://cds.cern.ch/record/2891488/files/highs4050.png</subfield>
    <subfield code="y">00015 (Color Online) Single particle elliptic (red) and triangular (blue) flow for high-$S_{0}$ (left column), $S_{0}$ integrated (middle column) and low-$S_{0}$ (right column) events for Pb--Pb collisions at $\sqrt{s_{NN}} = $ 5.02 TeV for (0-10)\% (top) and (40-50)\% (bottom) centrality classes using AMPT.</subfield>
  </datafield>
  <datafield tag="856" ind1="4" ind2=" ">
    <subfield code="8">2517941</subfield>
    <subfield code="s">10766</subfield>
    <subfield code="u">http://cds.cern.ch/record/2891488/files/q2q3sphero.png</subfield>
    <subfield code="y">00001 (Color Online) Event averaged $q_2$ (left) and $q_3$ (right) vs transverse spherocity ($S_0$) for  midcentral (40-50)\%, and peripheral (60-70)\% Pb--Pb collisions at $\rm\sqrt{s_{NN}}$ = 5.02 TeV using AMPT model.</subfield>
  </datafield>
  <datafield tag="856" ind1="4" ind2=" ">
    <subfield code="8">2517942</subfield>
    <subfield code="s">13727</subfield>
    <subfield code="u">http://cds.cern.ch/record/2891488/files/crossing.png</subfield>
    <subfield code="y">00018 (Color Online) Transverse momentum value corresponding to crossing between $v_2$ and $v_3$ ($\rm p_T^{cross}$) as a function of centrality for different spherocity cuts for Pb--Pb collisions at $\sqrt{s_{NN}}$ = 5.02 TeV using AMPT.</subfield>
  </datafield>
  <datafield tag="960" ind1=" " ind2=" ">
    <subfield code="a">13</subfield>
  </datafield>
  <datafield tag="980" ind1=" " ind2=" ">
    <subfield code="a">ARTICLE</subfield>
  </datafield>
</record>