
<record>
  <controlfield tag="001">2891487</controlfield>
  <controlfield tag="005">20240318150506.0</controlfield>
  <datafield tag="024" ind1="8" ind2=" ">
    <subfield code="a">oai:cds.cern.ch:2891487</subfield>
    <subfield code="p">cerncds:FULLTEXT</subfield>
    <subfield code="p">cerncds:CERN:FULLTEXT</subfield>
    <subfield code="p">cerncds:CERN</subfield>
  </datafield>
  <datafield tag="024" ind1="7" ind2=" ">
    <subfield code="2">DOI</subfield>
    <subfield code="9">APS</subfield>
    <subfield code="a">10.1103/PhysRevC.107.035803</subfield>
    <subfield code="q">publication</subfield>
  </datafield>
  <datafield tag="035" ind1=" " ind2=" ">
    <subfield code="9">arXiv</subfield>
    <subfield code="a">oai:arXiv.org:2303.10282</subfield>
  </datafield>
  <datafield tag="035" ind1=" " ind2=" ">
    <subfield code="9">Inspire</subfield>
    <subfield code="a">oai:inspirehep.net:2641169</subfield>
    <subfield code="d">2024-03-13T20:07:59Z</subfield>
    <subfield code="h">2024-03-14T03:22:50Z</subfield>
    <subfield code="m">marcxml</subfield>
    <subfield code="t">true</subfield>
    <subfield code="u">https://inspirehep.net/api/oai2d</subfield>
  </datafield>
  <datafield tag="035" ind1=" " ind2=" ">
    <subfield code="9">Inspire</subfield>
    <subfield code="a">2641169</subfield>
  </datafield>
  <datafield tag="037" ind1=" " ind2=" ">
    <subfield code="9">arXiv</subfield>
    <subfield code="a">arXiv:2303.10282</subfield>
    <subfield code="c">nucl-ex</subfield>
  </datafield>
  <datafield tag="041" ind1=" " ind2=" ">
    <subfield code="a">eng</subfield>
  </datafield>
  <datafield tag="100" ind1=" " ind2=" ">
    <subfield code="a">Williams, M.</subfield>
    <subfield code="u">TRIUMF</subfield>
    <subfield code="u">York U., England</subfield>
    <subfield code="v">TRIUMF, Vancouver, British Columbia V6T 2A3, Canada</subfield>
    <subfield code="v">Department of Physics, University of York, Heslington, York YO10 5DD, United Kingdom</subfield>
  </datafield>
  <datafield tag="245" ind1=" " ind2=" ">
    <subfield code="9">APS</subfield>
    <subfield code="a">Cross sections of the &lt;math>&lt;mrow>&lt;mmultiscripts>&lt;mi>Rb&lt;/mi>&lt;mprescripts/>&lt;none/>&lt;mn>83&lt;/mn>&lt;/mmultiscripts>&lt;mo>(&lt;/mo>&lt;mi>p&lt;/mi>&lt;mo>,&lt;/mo>&lt;mi>γ&lt;/mi>&lt;mo>)&lt;/mo>&lt;mmultiscripts>&lt;mi>Sr&lt;/mi>&lt;mprescripts/>&lt;none/>&lt;mn>84&lt;/mn>&lt;/mmultiscripts>&lt;/mrow>&lt;/math> and &lt;math>&lt;mrow>&lt;mmultiscripts>&lt;mi>Kr&lt;/mi>&lt;mprescripts/>&lt;none/>&lt;mn>84&lt;/mn>&lt;/mmultiscripts>&lt;mo>(&lt;/mo>&lt;mi>p&lt;/mi>&lt;mo>,&lt;/mo>&lt;mi>γ&lt;/mi>&lt;mo>)&lt;/mo>&lt;mmultiscripts>&lt;mi>Rb&lt;/mi>&lt;mprescripts/>&lt;none/>&lt;mn>85&lt;/mn>&lt;/mmultiscripts>&lt;/mrow>&lt;/math> reactions at energies characteristic of the astrophysical &lt;math>&lt;mi>γ&lt;/mi>&lt;/math> process</subfield>
  </datafield>
  <datafield tag="260" ind1=" " ind2=" ">
    <subfield code="c">2023-03-13</subfield>
  </datafield>
  <datafield tag="269" ind1=" " ind2=" ">
    <subfield code="c">2023-03-17</subfield>
  </datafield>
  <datafield tag="300" ind1=" " ind2=" ">
    <subfield code="a">10 p</subfield>
  </datafield>
  <datafield tag="500" ind1=" " ind2=" ">
    <subfield code="9">arXiv</subfield>
    <subfield code="a">arXiv admin note: text overlap with
arXiv:2109.06775</subfield>
  </datafield>
  <datafield tag="520" ind1=" " ind2=" ">
    <subfield code="9">APS</subfield>
    <subfield code="a">We have measured the cross section of the &lt;math>&lt;mrow>&lt;mmultiscripts>&lt;mi>Rb&lt;/mi>&lt;mprescripts/>&lt;none/>&lt;mn>83&lt;/mn>&lt;/mmultiscripts>&lt;mo>(&lt;/mo>&lt;mi>p&lt;/mi>&lt;mo>,&lt;/mo>&lt;mi>γ&lt;/mi>&lt;mo>)&lt;/mo>&lt;mmultiscripts>&lt;mi>Sr&lt;/mi>&lt;mprescripts/>&lt;none/>&lt;mn>84&lt;/mn>&lt;/mmultiscripts>&lt;/mrow>&lt;/math> radiative capture reaction in inverse kinematics using a radioactive beam of &lt;math>&lt;mmultiscripts>&lt;mi>Rb&lt;/mi>&lt;mprescripts/>&lt;none/>&lt;mn>83&lt;/mn>&lt;/mmultiscripts>&lt;/math> at incident energies of 2.4 and &lt;math>&lt;mrow>&lt;mn>2.7&lt;/mn>&lt;mspace width="0.16em"/>&lt;mi>A&lt;/mi>&lt;/mrow>&lt;/math> MeV. Prior to the radioactive beam measurement, the &lt;math>&lt;mrow>&lt;mmultiscripts>&lt;mi>Kr&lt;/mi>&lt;mprescripts/>&lt;none/>&lt;mn>84&lt;/mn>&lt;/mmultiscripts>&lt;mo>(&lt;/mo>&lt;mi>p&lt;/mi>&lt;mo>,&lt;/mo>&lt;mi>γ&lt;/mi>&lt;mo>)&lt;/mo>&lt;mmultiscripts>&lt;mi>Rb&lt;/mi>&lt;mprescripts/>&lt;none/>&lt;mn>85&lt;/mn>&lt;/mmultiscripts>&lt;/mrow>&lt;/math> radiative capture reaction was measured in inverse kinematics using a stable beam of &lt;math>&lt;mmultiscripts>&lt;mi>Kr&lt;/mi>&lt;mprescripts/>&lt;none/>&lt;mn>84&lt;/mn>&lt;/mmultiscripts>&lt;/math> at an incident energy of &lt;math>&lt;mrow>&lt;mn>2.7&lt;/mn>&lt;mi>A&lt;/mi>&lt;/mrow>&lt;/math> MeV. The effective relative kinetic energies of these measurements lie within the relevant energy window for the &lt;math>&lt;mi>γ&lt;/mi>&lt;/math> process in supernovae. The central values of the measured partial cross sections of both reactions were found to be &lt;math>&lt;mrow>&lt;mn>0.17&lt;/mn>&lt;mo>–&lt;/mo>&lt;mn>0.42&lt;/mn>&lt;/mrow>&lt;/math> times the predictions of statistical model calculations. Assuming the predicted cross section at other energies is reduced by the same factor leads to a slightly higher calculated abundance of the &lt;math>&lt;mi>p&lt;/mi>&lt;/math> nucleus &lt;math>&lt;mmultiscripts>&lt;mi>Sr&lt;/mi>&lt;mprescripts/>&lt;none/>&lt;mn>84&lt;/mn>&lt;/mmultiscripts>&lt;/math>, caused by the reduced rate of the &lt;math>&lt;mrow>&lt;mmultiscripts>&lt;mi>Sr&lt;/mi>&lt;mprescripts/>&lt;none/>&lt;mn>84&lt;/mn>&lt;/mmultiscripts>&lt;mo>(&lt;/mo>&lt;mi>γ&lt;/mi>&lt;mo>,&lt;/mo>&lt;mi>p&lt;/mi>&lt;mo>)&lt;/mo>&lt;mmultiscripts>&lt;mi>Rb&lt;/mi>&lt;mprescripts/>&lt;none/>&lt;mn>83&lt;/mn>&lt;/mmultiscripts>&lt;/mrow>&lt;/math> reaction derived from the present measurement.</subfield>
  </datafield>
  <datafield tag="520" ind1=" " ind2=" ">
    <subfield code="9">arXiv</subfield>
    <subfield code="a">We have measured the cross section of the $^{83}$Rb(p,$\gamma)^{84}$Sr radiative capture reaction in inverse kinematics using a radioactive beam of $^{83}$Rb at incident energies of 2.4 and $2.7 A$ MeV. Prior to the radioactive beam measurement, the $^{84}$Kr(p,$\gamma)^{85}$Rb radiative capture reaction was measured in inverse kinematics using a stable beam of $^{84}$Kr at an incident energy of $2.7 A$ MeV. The effective relative kinetic energies of these measurements lie within the relevant energy window for the $\gamma$ process in supernovae. The central values of the measured partial cross sections of both reactions were found to be $0.17-0.42$ times the predictions of statistical model calculations. Assuming the predicted cross section at other energies is reduced by the same factor leads to a slightly higher calculated abundance of the $p$ nucleus $^{84}$Sr, caused by the reduced rate of the $^{84}$Sr($\gamma$,p)$^{83}$Rb reaction derived from the present measurement.</subfield>
  </datafield>
  <datafield tag="540" ind1=" " ind2=" ">
    <subfield code="3">preprint</subfield>
    <subfield code="a">arXiv nonexclusive-distrib 1.0</subfield>
    <subfield code="u">http://arxiv.org/licenses/nonexclusive-distrib/1.0/</subfield>
  </datafield>
  <datafield tag="542" ind1=" " ind2=" ">
    <subfield code="3">publication</subfield>
    <subfield code="d">American Physical Society</subfield>
    <subfield code="g">2023</subfield>
  </datafield>
  <datafield tag="650" ind1="1" ind2="7">
    <subfield code="2">arXiv</subfield>
    <subfield code="a">astro-ph.SR</subfield>
  </datafield>
  <datafield tag="650" ind1="1" ind2="7">
    <subfield code="2">SzGeCERN</subfield>
    <subfield code="a">Astrophysics and Astronomy</subfield>
  </datafield>
  <datafield tag="650" ind1="1" ind2="7">
    <subfield code="2">arXiv</subfield>
    <subfield code="a">nucl-ex</subfield>
  </datafield>
  <datafield tag="650" ind1="1" ind2="7">
    <subfield code="2">SzGeCERN</subfield>
    <subfield code="a">Nuclear Physics - Experiment</subfield>
  </datafield>
  <datafield tag="690" ind1="C" ind2=" ">
    <subfield code="a">CERN</subfield>
  </datafield>
  <datafield tag="690" ind1="C" ind2=" ">
    <subfield code="a">ARTICLE</subfield>
  </datafield>
  <datafield tag="700" ind1=" " ind2=" ">
    <subfield code="a">Davids, B.</subfield>
    <subfield code="u">TRIUMF</subfield>
    <subfield code="u">Simon Fraser U.</subfield>
    <subfield code="v">TRIUMF, Vancouver, British Columbia V6T 2A3, Canada</subfield>
    <subfield code="v">Department of Physics, Simon Fraser University, Burnaby, British Columbia V5A 1S6, Canada</subfield>
  </datafield>
  <datafield tag="700" ind1=" " ind2=" ">
    <subfield code="a">Lotay, G.</subfield>
    <subfield code="u">Surrey U.</subfield>
    <subfield code="v">Department of Physics, University of Surrey, Guildford GU2 7XH, United Kingdom</subfield>
  </datafield>
  <datafield tag="700" ind1=" " ind2=" ">
    <subfield code="a">Nishimura, N.</subfield>
    <subfield code="u">Wako, RIKEN</subfield>
    <subfield code="u">Nishina Ctr., RIKEN</subfield>
    <subfield code="v">Astrophysical Big Bang Laboratory, CPR, RIKEN, Wako, Saitama 351-0198, Japan</subfield>
    <subfield code="v">Nishina Center for Accelerator-Based Science, Wako, Saitama 351-0198, Japan</subfield>
  </datafield>
  <datafield tag="700" ind1=" " ind2=" ">
    <subfield code="a">Rauscher, T.</subfield>
    <subfield code="u">Basel U.</subfield>
    <subfield code="u">Hertfordshire U.</subfield>
    <subfield code="v">Department of Physics, University of Basel, Klingelbergstr. 82, CH-4056 Basel, Switzerland</subfield>
    <subfield code="v">Centre for Astrophysics Research, University of Hertfordshire, Hatfield AL10 9AB, United Kingdom</subfield>
  </datafield>
  <datafield tag="700" ind1=" " ind2=" ">
    <subfield code="a">Gillespie, S.A.</subfield>
    <subfield code="u">TRIUMF</subfield>
    <subfield code="u">Michigan State U.</subfield>
    <subfield code="v">TRIUMF, Vancouver, British Columbia V6T 2A3, Canada</subfield>
    <subfield code="v">Present address: FRIB, Michigan State University, East Lansing, Michigan 48824, USA.</subfield>
  </datafield>
  <datafield tag="700" ind1=" " ind2=" ">
    <subfield code="a">Alcorta, M.</subfield>
    <subfield code="u">TRIUMF</subfield>
    <subfield code="v">TRIUMF, Vancouver, British Columbia V6T 2A3, Canada</subfield>
  </datafield>
  <datafield tag="700" ind1=" " ind2=" ">
    <subfield code="a">Amthor, A.M.</subfield>
    <subfield code="u">Bucknell U.</subfield>
    <subfield code="v">Department of Physics and Astronomy, Bucknell University, Lewisburg, Pennsylvania 17837, USA</subfield>
  </datafield>
  <datafield tag="700" ind1=" " ind2=" ">
    <subfield code="a">Ball, G.C.</subfield>
    <subfield code="u">TRIUMF</subfield>
    <subfield code="v">TRIUMF, Vancouver, British Columbia V6T 2A3, Canada</subfield>
  </datafield>
  <datafield tag="700" ind1=" " ind2=" ">
    <subfield code="a">Bhattacharjee, S.S.</subfield>
    <subfield code="u">TRIUMF</subfield>
    <subfield code="v">TRIUMF, Vancouver, British Columbia V6T 2A3, Canada</subfield>
  </datafield>
  <datafield tag="700" ind1=" " ind2=" ">
    <subfield code="a">Bildstein, V.</subfield>
    <subfield code="u">Guelph U.</subfield>
    <subfield code="v">Department of Physics, University of Guelph, Guelph, Ontario N1G 2W1, Canada</subfield>
  </datafield>
  <datafield tag="700" ind1=" " ind2=" ">
    <subfield code="a">Catford, W.N.</subfield>
    <subfield code="u">Surrey U.</subfield>
    <subfield code="v">Department of Physics, University of Surrey, Guildford GU2 7XH, United Kingdom</subfield>
  </datafield>
  <datafield tag="700" ind1=" " ind2=" ">
    <subfield code="a">Doherty, D.T.</subfield>
    <subfield code="u">Surrey U.</subfield>
    <subfield code="v">Department of Physics, University of Surrey, Guildford GU2 7XH, United Kingdom</subfield>
  </datafield>
  <datafield tag="700" ind1=" " ind2=" ">
    <subfield code="a">Esker, N.E.</subfield>
    <subfield code="u">TRIUMF</subfield>
    <subfield code="u">San Jose State U.</subfield>
    <subfield code="v">TRIUMF, Vancouver, British Columbia V6T 2A3, Canada</subfield>
    <subfield code="v">Present address: Department of Chemistry, San Jose State University, San Jose, California 95192, USA.</subfield>
  </datafield>
  <datafield tag="700" ind1=" " ind2=" ">
    <subfield code="a">Garnsworthy, A.B.</subfield>
    <subfield code="u">TRIUMF</subfield>
    <subfield code="v">TRIUMF, Vancouver, British Columbia V6T 2A3, Canada</subfield>
  </datafield>
  <datafield tag="700" ind1=" " ind2=" ">
    <subfield code="a">Hackman, G.</subfield>
    <subfield code="u">TRIUMF</subfield>
    <subfield code="v">TRIUMF, Vancouver, British Columbia V6T 2A3, Canada</subfield>
  </datafield>
  <datafield tag="700" ind1=" " ind2=" ">
    <subfield code="a">Hudson, K.</subfield>
    <subfield code="u">TRIUMF</subfield>
    <subfield code="u">Simon Fraser U.</subfield>
    <subfield code="v">TRIUMF, Vancouver, British Columbia V6T 2A3, Canada</subfield>
    <subfield code="v">Department of Physics, Simon Fraser University, Burnaby, British Columbia V5A 1S6, Canada</subfield>
  </datafield>
  <datafield tag="700" ind1=" " ind2=" ">
    <subfield code="a">Lennarz, A.</subfield>
    <subfield code="u">TRIUMF</subfield>
    <subfield code="v">TRIUMF, Vancouver, British Columbia V6T 2A3, Canada</subfield>
  </datafield>
  <datafield tag="700" ind1=" " ind2=" ">
    <subfield code="a">Natzke, C.</subfield>
    <subfield code="u">TRIUMF</subfield>
    <subfield code="u">Colorado School of Mines</subfield>
    <subfield code="v">TRIUMF, Vancouver, British Columbia V6T 2A3, Canada</subfield>
    <subfield code="v">Department of Physics, Colorado School of Mines, Golden, Colorado 80401, USA</subfield>
  </datafield>
  <datafield tag="700" ind1=" " ind2=" ">
    <subfield code="a">Olaizola, B.</subfield>
    <subfield code="u">TRIUMF</subfield>
    <subfield code="u">CERN</subfield>
    <subfield code="v">TRIUMF, Vancouver, British Columbia V6T 2A3, Canada</subfield>
    <subfield code="v">Present address: CERN, CH-1211 Geneva 23, Switzerland. §Present address: Institut für Kernphysik, Technische Unive</subfield>
  </datafield>
  <datafield tag="700" ind1=" " ind2=" ">
    <subfield code="a">Psaltis, A.</subfield>
    <subfield code="u">McMaster U.</subfield>
    <subfield code="u">Darmstadt, Tech. U.</subfield>
    <subfield code="v">Department of Physics and Astronomy, McMaster University, Hamilton, Ontario L8S 4L8, Canada</subfield>
    <subfield code="v">Present address: Institut für Kernphysik, Technische Universität Darmstadt, Darmstadt D-64289, Germany</subfield>
  </datafield>
  <datafield tag="700" ind1=" " ind2=" ">
    <subfield code="a">Svensson, C.E.</subfield>
    <subfield code="u">Guelph U.</subfield>
    <subfield code="v">Department of Physics, University of Guelph, Guelph, Ontario N1G 2W1, Canada</subfield>
  </datafield>
  <datafield tag="700" ind1=" " ind2=" ">
    <subfield code="a">Williams, J.</subfield>
    <subfield code="u">TRIUMF</subfield>
    <subfield code="v">TRIUMF, Vancouver, British Columbia V6T 2A3, Canada</subfield>
  </datafield>
  <datafield tag="700" ind1=" " ind2=" ">
    <subfield code="a">Walter, D.</subfield>
    <subfield code="u">TRIUMF</subfield>
    <subfield code="u">St. Mary's U., Halifax</subfield>
    <subfield code="v">TRIUMF, Vancouver, British Columbia V6T 2A3, Canada</subfield>
    <subfield code="v">Department of Astronomy and Physics, Saint Mary’s University, Halifax, Nova Scotia B3H 3C3, Canada</subfield>
  </datafield>
  <datafield tag="700" ind1=" " ind2=" ">
    <subfield code="a">Yates, D.</subfield>
    <subfield code="u">TRIUMF</subfield>
    <subfield code="u">British Columbia U.</subfield>
    <subfield code="v">TRIUMF, Vancouver, British Columbia V6T 2A3, Canada</subfield>
    <subfield code="v">Department of Physics and Astronomy, University of British Columbia, Vancouver BC V6T 1Z4, Canada</subfield>
  </datafield>
  <datafield tag="773" ind1=" " ind2=" ">
    <subfield code="c">035803</subfield>
    <subfield code="m">publication</subfield>
    <subfield code="n">3</subfield>
    <subfield code="p">Phys. Rev. C</subfield>
    <subfield code="v">107</subfield>
    <subfield code="x">Physical Review C 107, 035803 (2023)</subfield>
    <subfield code="y">2023</subfield>
  </datafield>
  <datafield tag="856" ind1="4" ind2=" ">
    <subfield code="8">2517906</subfield>
    <subfield code="s">7625</subfield>
    <subfield code="u">http://cds.cern.ch/record/2891487/files/abunplot.png</subfield>
    <subfield code="y">00010 Relative change in the abundance of $^{84}$Sr in a 15 (cc15) and 25 (cc25) $M_\odot$ star with solar metallicity exploding as a core-collapse supernova, and in a thermonuclear supernova (snIa), when using the new rates for $^{83}$Rb(p,$\gamma$)$^{84}$Sr and its inverse reaction. The error bars illustrate the remaining uncertainties due to the combined effect of all reaction rates (see text for details).</subfield>
  </datafield>
  <datafield tag="856" ind1="4" ind2=" ">
    <subfield code="8">2517907</subfield>
    <subfield code="s">301218</subfield>
    <subfield code="u">http://cds.cern.ch/record/2891487/files/hfcs84krpot.png</subfield>
    <subfield code="y">00009 Same as Fig.\ \ref{fig:csexpth83pot} but for the $^{84}$Kr(p,$\gamma$)$^{85}$Rb reaction.</subfield>
  </datafield>
  <datafield tag="856" ind1="4" ind2=" ">
    <subfield code="8">2517908</subfield>
    <subfield code="s">322169</subfield>
    <subfield code="u">http://cds.cern.ch/record/2891487/files/hfcs83rb.png</subfield>
    <subfield code="y">00006 Cross section of the $^{83}$Rb(p,$\gamma)^{84}$Sr reaction from experiment (shown are the partial cross section for populating the $2^+_1$ state and the inferred total cross section with 90\% CL error bars) compared to statistical model predictions of the total cross sections with the NON-SMOKER \cite{NONSMOKER2} and SMARAGD \cite{SMARAGD} codes. The wider, lightly shaded region indicates the approximate location of the relevant energy window \protect\cite{Rauscher3} for the $^{83}$Rb(p,$\gamma)^{84}$Sr reaction in ccSNe ($2~\mathrm{GK}&lt;T&lt;3.5~\mathrm{GK}$). The narrower, darkly shaded region indicates the range of relative kinetic energies covered in the measurement of the $E_\mathrm{cm}=2.386$~MeV data point. The measured and inferred points at $E_\mathrm{cm}=2.26$~MeV are 90\% CL upper limits. Also shown are SMARAGD calculations with the default proton width divided by two and four, respectively.</subfield>
  </datafield>
  <datafield tag="856" ind1="4" ind2=" ">
    <subfield code="8">2517909</subfield>
    <subfield code="s">11101</subfield>
    <subfield code="u">http://cds.cern.ch/record/2891487/files/84Sr_levels.png</subfield>
    <subfield code="y">00005 Simplified energy level diagram of $^{84}$Sr showing only levels relevant to this measurement of the $^{83}$Rb(p,$\gamma)^{84}$Sr reaction. The states initially populated via $s$-wave capture are shown schematically about 2.4~MeV above the proton separation energy $S_p$.</subfield>
  </datafield>
  <datafield tag="856" ind1="4" ind2=" ">
    <subfield code="8">2517910</subfield>
    <subfield code="s">11711</subfield>
    <subfield code="u">http://cds.cern.ch/record/2891487/files/85Rb_levels.png</subfield>
    <subfield code="y">00003 Simplified energy level diagram of $^{85}$Rb showing only levels relevant to this measurement of the $^{84}$Kr(p,$\gamma)^{85}$Rb reaction. The states initially populated via $s$-wave capture are shown schematically about 2.4~MeV above the proton separation energy $S_p$.</subfield>
  </datafield>
  <datafield tag="856" ind1="4" ind2=" ">
    <subfield code="8">2517911</subfield>
    <subfield code="s">17772</subfield>
    <subfield code="u">http://cds.cern.ch/record/2891487/files/csd.png</subfield>
    <subfield code="y">00001 Measured charge state distribution of $^{84}$Kr incident at $2.7 A$~MeV emerging from the 727 $\mu$g~cm$^{-2}$ polyethylene target.  EMMA was set for a kinetic energy of 166 MeV during all of the yield measurements. The error bars represent systematic beam current uncertainties estimated to be $\pm10\%$. Also shown are the results of a Gaussian fit.</subfield>
  </datafield>
  <datafield tag="856" ind1="4" ind2=" ">
    <subfield code="8">2517912</subfield>
    <subfield code="s">88995</subfield>
    <subfield code="u">http://cds.cern.ch/record/2891487/files/83Rbgammas.png</subfield>
    <subfield code="y">00004 Gamma rays observed in the 8 TIGRESS detectors centred at 90$^{\circ}$ with respect to the beam axis in coincidence with $A=84$ recoils, following the $^{83}$Rb(p,$\gamma)^{84}$Sr reaction. The inset shows a zoomed-in view of the same spectrum centred about the energy of the 793~keV transition.</subfield>
  </datafield>
  <datafield tag="856" ind1="4" ind2=" ">
    <subfield code="8">2517913</subfield>
    <subfield code="s">271932</subfield>
    <subfield code="u">http://cds.cern.ch/record/2891487/files/hfcs83rbpot.png</subfield>
    <subfield code="y">00007 Same as Fig.\ \ref{fig:csexpth83} but comparing the experimental data to SMARAGD calculations using various $p+^{83}$Rb optical potentials (SMARAGD default \cite{jlm,lej}, ppot1 \cite{esw}, ppot2 \cite{perey}, ppot5 \cite{baugelane}, ppot6 \cite{bauge}, ppot7 \cite{modjlm}).</subfield>
  </datafield>
  <datafield tag="856" ind1="4" ind2=" ">
    <subfield code="8">2517914</subfield>
    <subfield code="s">317795</subfield>
    <subfield code="u">http://cds.cern.ch/record/2891487/files/hfcs84kr.png</subfield>
    <subfield code="y">00008 Same as Fig.\ \ref{fig:csexpth83} but for the $^{84}$Kr(p,$\gamma$)$^{85}$Rb reaction.</subfield>
  </datafield>
  <datafield tag="856" ind1="4" ind2=" ">
    <subfield code="8">2517915</subfield>
    <subfield code="s">20466</subfield>
    <subfield code="u">http://cds.cern.ch/record/2891487/files/SB1_SpectrumExample2.png</subfield>
    <subfield code="y">00000 Typical energy spectrum from one of the SSB detectors. The proton and carbon scattering peaks are labelled; the target constituents scattered by the $^{83}$Rb and $^{83}$Sr beam components are indistinguishable on the basis of energy and contribute to both of these peaks. The inset shows the same plot zoomed in on the proton scattering peak with selection cuts indicated by the vertical dashed lines.</subfield>
  </datafield>
  <datafield tag="856" ind1="4" ind2=" ">
    <subfield code="8">2517916</subfield>
    <subfield code="s">50995</subfield>
    <subfield code="u">http://cds.cern.ch/record/2891487/files/84Krgammas.png</subfield>
    <subfield code="y">00002 Energies of $\gamma$ rays detected in the TIGRESS array during a measurement of the $^{84}$Kr(p,$\gamma)^{85}$Rb reaction as a function of  TIGRESS-EMMA correlation time. A vertical cluster of counts indicates the observation of correlated primary and secondary $\gamma$ rays, with energies approaching the $p$ emission threshold in $^{85}$Rb of 7~MeV, corresponding to $^{84}$Kr(p,$\gamma)$ events.</subfield>
  </datafield>
  <datafield tag="856" ind1="4" ind2=" ">
    <subfield code="8">2517917</subfield>
    <subfield code="s">2246745</subfield>
    <subfield code="u">http://cds.cern.ch/record/2891487/files/2303.10282.pdf</subfield>
    <subfield code="y">Fulltext</subfield>
  </datafield>
  <datafield tag="960" ind1=" " ind2=" ">
    <subfield code="a">13</subfield>
  </datafield>
  <datafield tag="980" ind1=" " ind2=" ">
    <subfield code="a">ARTICLE</subfield>
  </datafield>
</record>