
<record>
  <controlfield tag="001">2888511</controlfield>
  <controlfield tag="005">20240318150811.0</controlfield>
  <datafield tag="024" ind1="8" ind2=" ">
    <subfield code="a">oai:cds.cern.ch:2888511</subfield>
    <subfield code="p">cerncds:FULLTEXT</subfield>
    <subfield code="p">cerncds:CERN:FULLTEXT</subfield>
    <subfield code="p">cerncds:CERN</subfield>
  </datafield>
  <datafield tag="024" ind1="7" ind2=" ">
    <subfield code="2">DOI</subfield>
    <subfield code="9">Springer</subfield>
    <subfield code="a">10.1007/JHEP12(2023)134</subfield>
    <subfield code="q">publication</subfield>
  </datafield>
  <datafield tag="035" ind1=" " ind2=" ">
    <subfield code="9">arXiv</subfield>
    <subfield code="a">oai:arXiv.org:2212.10573</subfield>
  </datafield>
  <datafield tag="035" ind1=" " ind2=" ">
    <subfield code="9">Inspire</subfield>
    <subfield code="a">oai:inspirehep.net:2617003</subfield>
    <subfield code="d">2024-02-07T20:08:34Z</subfield>
    <subfield code="h">2024-02-08T04:15:51Z</subfield>
    <subfield code="m">marcxml</subfield>
    <subfield code="t">true</subfield>
    <subfield code="u">https://inspirehep.net/api/oai2d</subfield>
  </datafield>
  <datafield tag="035" ind1=" " ind2=" ">
    <subfield code="9">Inspire</subfield>
    <subfield code="a">2617003</subfield>
  </datafield>
  <datafield tag="037" ind1=" " ind2=" ">
    <subfield code="9">arXiv</subfield>
    <subfield code="a">arXiv:2212.10573</subfield>
    <subfield code="c">hep-th</subfield>
  </datafield>
  <datafield tag="037" ind1=" " ind2=" ">
    <subfield code="9">arXiv:reportnumber</subfield>
    <subfield code="a">ACFI-T22-10</subfield>
  </datafield>
  <datafield tag="041" ind1=" " ind2=" ">
    <subfield code="a">eng</subfield>
  </datafield>
  <datafield tag="100" ind1=" " ind2=" ">
    <subfield code="a">Gendler, Naomi</subfield>
    <subfield code="t">GRID:grid.5386.8</subfield>
    <subfield code="t">GRID:grid.38142.3c</subfield>
    <subfield code="u">Cornell U.</subfield>
    <subfield code="v">Department of Physics, Cornell University, 14853 Ithaca, NY, USA</subfield>
    <subfield code="v">Department of Physics, Jefferson Physical Laboratory, Harvard University, 02138 Cambridge, MA, USA</subfield>
  </datafield>
  <datafield tag="245" ind1=" " ind2=" ">
    <subfield code="9">Springer</subfield>
    <subfield code="a">Moduli space reconstruction and Weak Gravity</subfield>
  </datafield>
  <datafield tag="260" ind1=" " ind2=" ">
    <subfield code="c">2023-12-19</subfield>
  </datafield>
  <datafield tag="269" ind1=" " ind2=" ">
    <subfield code="c">2022-12-20</subfield>
  </datafield>
  <datafield tag="300" ind1=" " ind2=" ">
    <subfield code="a">44 p</subfield>
  </datafield>
  <datafield tag="520" ind1=" " ind2=" ">
    <subfield code="9">Springer</subfield>
    <subfield code="a">We present a method to construct the extended Kähler cone of any Calabi-Yau threefold by using Gopakumar-Vafa invariants to identify all geometric phases that are related by flops or Weyl reflections. In this way we obtain the Kähler moduli spaces of all favorable Calabi-Yau threefold hypersurfaces with h$^{1,1}$ ≤ 4, including toric and non-toric phases. In this setting we perform an explicit test of the Weak Gravity Conjecture by using the Gopakumar-Vafa invariants to count BPS states. All of our examples satisfy the tower/sublattice WGC, and in fact they even satisfy the stronger lattice WGC.</subfield>
  </datafield>
  <datafield tag="520" ind1=" " ind2=" ">
    <subfield code="9">arXiv</subfield>
    <subfield code="a">We present a method to construct the extended Kähler cone of any Calabi-Yau threefold by using Gopakumar-Vafa invariants to identify all geometric phases that are related by flops or Weyl reflections. In this way we obtain the Kähler moduli spaces of all favorable Calabi-Yau threefold hypersurfaces with $h^{1,1} \le 4$, including toric and non-toric phases. In this setting we perform an explicit test of the Weak Gravity Conjecture by using the Gopakumar-Vafa invariants to count BPS states. All of our examples satisfy the tower/sublattice WGC, and in fact they even satisfy the stronger lattice WGC.</subfield>
  </datafield>
  <datafield tag="540" ind1=" " ind2=" ">
    <subfield code="3">publication</subfield>
    <subfield code="a">CC-BY-4.0</subfield>
    <subfield code="b">Springer</subfield>
    <subfield code="f">SCOAP3</subfield>
    <subfield code="u">http://creativecommons.org/licenses/by/4.0/</subfield>
  </datafield>
  <datafield tag="540" ind1=" " ind2=" ">
    <subfield code="3">preprint</subfield>
    <subfield code="a">arXiv nonexclusive-distrib 1.0</subfield>
    <subfield code="u">http://arxiv.org/licenses/nonexclusive-distrib/1.0/</subfield>
  </datafield>
  <datafield tag="541" ind1=" " ind2=" ">
    <subfield code="a">desy</subfield>
    <subfield code="c">hepcrawl</subfield>
    <subfield code="d">2024-01-08T08:31:35.478827</subfield>
    <subfield code="e">6716736</subfield>
  </datafield>
  <datafield tag="542" ind1=" " ind2=" ">
    <subfield code="3">publication</subfield>
    <subfield code="d">The Authors</subfield>
    <subfield code="g">2023</subfield>
  </datafield>
  <datafield tag="595" ind1=" " ind2=" ">
    <subfield code="a">Regular Article - Theoretical Physics</subfield>
  </datafield>
  <datafield tag="595" ind1=" " ind2=" ">
    <subfield code="a">51 combined refs (0 IDs differ, 37 IDs coincide, 7 DOIs/0 bulls added from SISSA, 1 IDs missing in SISSA)</subfield>
  </datafield>
  <datafield tag="595" ind1=" " ind2=" ">
    <subfield code="a">DOKIFILE:jhep2312.2023-12-29.0106</subfield>
  </datafield>
  <datafield tag="595" ind1=" " ind2="D">
    <subfield code="a">Y</subfield>
    <subfield code="d">2022-12-29</subfield>
    <subfield code="s">abs</subfield>
  </datafield>
  <datafield tag="595" ind1=" " ind2="D">
    <subfield code="a">Y</subfield>
    <subfield code="d">2023-01-02</subfield>
    <subfield code="s">printed</subfield>
  </datafield>
  <datafield tag="650" ind1="1" ind2="7">
    <subfield code="2">arXiv</subfield>
    <subfield code="a">hep-th</subfield>
  </datafield>
  <datafield tag="650" ind1="1" ind2="7">
    <subfield code="2">SzGeCERN</subfield>
    <subfield code="a">Particle Physics - Theory</subfield>
  </datafield>
  <datafield tag="690" ind1="C" ind2=" ">
    <subfield code="a">CERN</subfield>
  </datafield>
  <datafield tag="690" ind1="C" ind2=" ">
    <subfield code="a">ARTICLE</subfield>
  </datafield>
  <datafield tag="700" ind1=" " ind2=" ">
    <subfield code="a">Heidenreich, Ben</subfield>
    <subfield code="j">ORCID:0000-0003-0536-9985</subfield>
    <subfield code="m">bheidenreich@umass.edu</subfield>
    <subfield code="t">GRID:grid.266683.f</subfield>
    <subfield code="u">Massachusetts U., Amherst</subfield>
    <subfield code="v">Department of Physics, University of Massachusetts, 01003 Amherst, MA, USA</subfield>
  </datafield>
  <datafield tag="700" ind1=" " ind2=" ">
    <subfield code="a">McAllister, Liam</subfield>
    <subfield code="t">GRID:grid.5386.8</subfield>
    <subfield code="u">Cornell U.</subfield>
    <subfield code="v">Department of Physics, Cornell University, 14853 Ithaca, NY, USA</subfield>
  </datafield>
  <datafield tag="700" ind1=" " ind2=" ">
    <subfield code="a">Moritz, Jakob</subfield>
    <subfield code="t">GRID:grid.5386.8</subfield>
    <subfield code="t">GRID:grid.9132.9</subfield>
    <subfield code="u">Cornell U.</subfield>
    <subfield code="u">CERN</subfield>
    <subfield code="v">Department of Physics, Cornell University, 14853 Ithaca, NY, USA</subfield>
    <subfield code="v">Department of Theoretical Physics, CERN, 1211 Meyrin, Switzerland</subfield>
  </datafield>
  <datafield tag="700" ind1=" " ind2=" ">
    <subfield code="a">Rudelius, Tom</subfield>
    <subfield code="t">GRID:grid.47840.3f</subfield>
    <subfield code="t">GRID:grid.8250.f</subfield>
    <subfield code="u">UC, Berkeley</subfield>
    <subfield code="v">Department of Physics, University of California, 94720 Berkeley, CA, USA</subfield>
    <subfield code="v">Department of Mathematical Sciences, Durham University, DH1 3LE Durham, UK</subfield>
  </datafield>
  <datafield tag="773" ind1=" " ind2=" ">
    <subfield code="c">134</subfield>
    <subfield code="m">publication</subfield>
    <subfield code="p">JHEP</subfield>
    <subfield code="v">2312</subfield>
    <subfield code="x">J. High Energ. Phys. 12 (2023) 134</subfield>
    <subfield code="y">2023</subfield>
  </datafield>
  <datafield tag="856" ind1="4" ind2=" ">
    <subfield code="8">2509583</subfield>
    <subfield code="s">10530</subfield>
    <subfield code="u">http://cds.cern.ch/record/2888511/files/WvisFigure.png</subfield>
    <subfield code="y">00009 Regions in the space of dual coordinates. The hyperextended cone of dual coordinates $\mathcal{T}_{\rm hyp}$ is the union of the cone of dual coordinates $\mathcal{T}$ (shaded dusty rose) and its image under the genus one Weyl reflection, $w_1(\mathcal{T})$, shaded lavender. Additional regions of moduli space may be accessed by further Weyl reflections, and the (non-convex) part of moduli space $\text{Vis}(\mathcal{T}_{\text{hyp}})$ that may be connected by straight lines through moduli space to $\mathcal{T}_{\rm hyp}$ is bounded in green. By the analysis of \cite{Alim:2021vhs}, BPS black holes necessarily exist in $\text{Vis}(\mathcal{T}_{\text{hyp}})$.</subfield>
  </datafield>
  <datafield tag="856" ind1="4" ind2=" ">
    <subfield code="8">2509584</subfield>
    <subfield code="s">1265335</subfield>
    <subfield code="u">http://cds.cern.ch/record/2888511/files/Publication.pdf</subfield>
    <subfield code="y">Fulltext</subfield>
  </datafield>
  <datafield tag="856" ind1="4" ind2=" ">
    <subfield code="8">2509585</subfield>
    <subfield code="s">140172</subfield>
    <subfield code="u">http://cds.cern.ch/record/2888511/files/boundary_flop.png</subfield>
    <subfield code="y">00003  : Mori cone $\mathcal{M}_X$ of a Calabi-Yau threefold $X$, and its integer sites populated by non-vanishing genus zero GV invariants. Depicted in red: a generator of $\mathcal{M}_X$ that is nilpotent and lies on the boundary of $\mathcal{M}_{\infty}$.</subfield>
  </datafield>
  <datafield tag="856" ind1="4" ind2=" ">
    <subfield code="8">2509586</subfield>
    <subfield code="s">10083</subfield>
    <subfield code="u">http://cds.cern.ch/record/2888511/files/Kahler_Weyl_axes.png</subfield>
    <subfield code="y">00008 Left: Two-dimensional cross-section of the Weyl-group orbit of the K\"ahler cone. Interior lines mark Weyl-reflection loci, while exterior walls mark the CFT limits. Right: Two-dimensional cross-section of the Weyl-group orbit of the cone of movable curves (black), embedded into the Mori cone (pink). Again, Weyl-reflection loci are marked by white lines. The lower two vertices are the curves that shrink to give rise to $\mathfrak{su}(2)$ enhancements while the upper two correspond to the CFT limits.</subfield>
  </datafield>
  <datafield tag="856" ind1="4" ind2=" ">
    <subfield code="8">2509587</subfield>
    <subfield code="s">144605</subfield>
    <subfield code="u">http://cds.cern.ch/record/2888511/files/GV_2.png</subfield>
    <subfield code="y">00002  : Mori cone $\mathcal{M}_{X'}$ of another Calabi-Yau $X'$ related to $X$ by a flop transition, and sites populated by non-vanishing genus zero GV invariants. Depicted in red: the flopped generator of $\mathcal{M}_X$. In this example, $\mathcal{K}$ is the dual of $\mathcal{M}_\infty$.</subfield>
  </datafield>
  <datafield tag="856" ind1="4" ind2=" ">
    <subfield code="8">2509588</subfield>
    <subfield code="s">135811</subfield>
    <subfield code="u">http://cds.cern.ch/record/2888511/files/GV_1.png</subfield>
    <subfield code="y">00001  : Mori cone $\mathcal{M}_X$ of a Calabi-Yau threefold $X$, and its integer sites populated by non-vanishing genus zero GV invariants. Depicted in red: a generator of $\mathcal{M}_X$ that is nilpotent and lies outside of $\mathcal{M}_\infty$, shown in yellow.</subfield>
  </datafield>
  <datafield tag="856" ind1="4" ind2=" ">
    <subfield code="8">2509589</subfield>
    <subfield code="s">140034</subfield>
    <subfield code="u">http://cds.cern.ch/record/2888511/files/boundary_flopped.png</subfield>
    <subfield code="y">00004  : Non-pointed Mori cone $\mathcal{M}_{X'}$ related to $\mathcal{M}_{X}$ by an unstable Weyl flop, if one assumes no wall-crossing. Depicted in red: the flopped generator of $\mathcal{M}_X$.</subfield>
  </datafield>
  <datafield tag="856" ind1="4" ind2=" ">
    <subfield code="8">2509590</subfield>
    <subfield code="s">19061</subfield>
    <subfield code="u">http://cds.cern.ch/record/2888511/files/toric_nontoric_h11_2.png</subfield>
    <subfield code="y">00005  : $h^{1,1}=2$</subfield>
  </datafield>
  <datafield tag="856" ind1="4" ind2=" ">
    <subfield code="8">2509591</subfield>
    <subfield code="s">19976</subfield>
    <subfield code="u">http://cds.cern.ch/record/2888511/files/toric_nontoric_h11_3.png</subfield>
    <subfield code="y">00006  : $h^{1,1}=3$</subfield>
  </datafield>
  <datafield tag="856" ind1="4" ind2=" ">
    <subfield code="8">2509592</subfield>
    <subfield code="s">20845</subfield>
    <subfield code="u">http://cds.cern.ch/record/2888511/files/toric_nontoric_h11_4.png</subfield>
    <subfield code="y">00007  : $h^{1,1}=4$</subfield>
  </datafield>
  <datafield tag="856" ind1="4" ind2=" ">
    <subfield code="8">2509593</subfield>
    <subfield code="s">7349</subfield>
    <subfield code="u">http://cds.cern.ch/record/2888511/files/NonToricPhases.png</subfield>
    <subfield code="y">00000 A cartoon of an extended K\"ahler cone. Each cone represents the K\"ahler cone of an individual Calabi-Yau. The cones shaded blue represent Calabi-Yaus obtained as hypersurfaces in a toric variety, whereas those shaded red represent Calabi-Yaus that are not manifestly obtained by performing birational transformations on a toric ambient variety, but can nonetheless be reached by flops of curves in the Calabi-Yaus. One of the main results of this work is a method for assembling extended K\"ahler cones.</subfield>
  </datafield>
  <datafield tag="856" ind1="4" ind2=" ">
    <subfield code="8">2509594</subfield>
    <subfield code="s">1452569</subfield>
    <subfield code="u">http://cds.cern.ch/record/2888511/files/2212.10573.pdf</subfield>
    <subfield code="y">Fulltext</subfield>
  </datafield>
  <datafield tag="960" ind1=" " ind2=" ">
    <subfield code="a">13</subfield>
  </datafield>
  <datafield tag="980" ind1=" " ind2=" ">
    <subfield code="a">ARTICLE</subfield>
  </datafield>
</record>