
<record>
  <controlfield tag="001">2886038</controlfield>
  <controlfield tag="003">SzGeCERN</controlfield>
  <controlfield tag="005">20240130154712.0</controlfield>
  <datafield tag="024" ind1="7" ind2=" ">
    <subfield code="2">DOI</subfield>
    <subfield code="9">American Association for the Advancement of Science</subfield>
    <subfield code="a">10.1126/science.adh2526</subfield>
  </datafield>
  <datafield tag="024" ind1="8" ind2=" ">
    <subfield code="a">oai:cds.cern.ch:2886038</subfield>
    <subfield code="p">cerncds:FULLTEXT</subfield>
    <subfield code="p">cerncds:CERN:FULLTEXT</subfield>
    <subfield code="p">cerncds:CERN</subfield>
  </datafield>
  <datafield tag="035" ind1=" " ind2=" ">
    <subfield code="9">https://inspirehep.net/api/oai2d</subfield>
    <subfield code="a">oai:inspirehep.net:2739562</subfield>
    <subfield code="d">2024-01-09T15:14:42Z</subfield>
    <subfield code="h">2024-01-10T05:15:59Z</subfield>
    <subfield code="m">marcxml</subfield>
  </datafield>
  <datafield tag="035" ind1=" " ind2=" ">
    <subfield code="9">Inspire</subfield>
    <subfield code="a">2739562</subfield>
  </datafield>
  <datafield tag="041" ind1=" " ind2=" ">
    <subfield code="a">eng</subfield>
  </datafield>
  <datafield tag="100" ind1=" " ind2=" ">
    <subfield code="a">He, Xu-Cheng</subfield>
    <subfield code="u">Helsinki U.</subfield>
    <subfield code="u">Carnegie Mellon U.</subfield>
    <subfield code="u">Helsinki Inst. of Phys.</subfield>
    <subfield code="v">Center for Atmospheric Particle Studies, Carnegie Mellon University, Pittsburgh, PA 15213, USA.</subfield>
  </datafield>
  <datafield tag="245" ind1=" " ind2=" ">
    <subfield code="9">American Association for the Advancement of Science</subfield>
    <subfield code="a">Iodine oxoacids enhance nucleation of sulfuric acid particles in the atmosphere</subfield>
  </datafield>
  <datafield tag="260" ind1=" " ind2=" ">
    <subfield code="c">2023</subfield>
  </datafield>
  <datafield tag="300" ind1=" " ind2=" ">
    <subfield code="a">7 p</subfield>
  </datafield>
  <datafield tag="520" ind1=" " ind2=" ">
    <subfield code="9">American Association for the Advancement of Science</subfield>
    <subfield code="a">The main nucleating vapor in the atmosphere is thought to be sulfuric acid (H2SO4), stabilized by ammonia (NH3). However, in marine and polar regions, NH3 is generally low, and H2SO4 is frequently found together with iodine oxoacids [HIOx, i.e., iodic acid (HIO3) and iodous acid (HIO2)]. In experiments performed with the CERN CLOUD (Cosmics Leaving OUtdoor Droplets) chamber, we investigated the interplay of H2SO4 and HIOx during atmospheric particle nucleation. We found that HIOx greatly enhances H2SO4(-NH3) nucleation through two different interactions. First, HIO3 strongly binds with H2SO4 in charged clusters so they drive particle nucleation synergistically. Second, HIO2 substitutes for NH3, forming strongly bound H2SO4-HIO2 acid-base pairs in molecular clusters. Global observations imply that HIOx is enhancing H2SO4(-NH3) nucleation rates 10- to 10,000-fold in marine and polar regions.</subfield>
  </datafield>
  <datafield tag="540" ind1=" " ind2=" ">
    <subfield code="3">publication</subfield>
    <subfield code="a">exclusive licensee American Association for the Advancement of Science</subfield>
  </datafield>
  <datafield tag="540" ind1=" " ind2=" ">
    <subfield code="3">preprint</subfield>
    <subfield code="a">CC-BY-4.0</subfield>
  </datafield>
  <datafield tag="542" ind1=" " ind2=" ">
    <subfield code="3">preprint</subfield>
    <subfield code="d">The Authors</subfield>
    <subfield code="g">2023</subfield>
  </datafield>
  <datafield tag="690" ind1="C" ind2=" ">
    <subfield code="a">ARTICLE</subfield>
  </datafield>
  <datafield tag="690" ind1="C" ind2=" ">
    <subfield code="a">CERN</subfield>
  </datafield>
  <datafield tag="693" ind1=" " ind2=" ">
    <subfield code="a">CLOUD</subfield>
  </datafield>
  <datafield tag="700" ind1=" " ind2=" ">
    <subfield code="a">Simon, Mario</subfield>
    <subfield code="u">Frankfurt U., FIAS</subfield>
    <subfield code="u">Frankfurt U.</subfield>
  </datafield>
  <datafield tag="700" ind1=" " ind2=" ">
    <subfield code="a">Iyer, Siddharth</subfield>
    <subfield code="u">Tampere U. of Tech.</subfield>
  </datafield>
  <datafield tag="700" ind1=" " ind2=" ">
    <subfield code="a">Xie, Hong-Bin</subfield>
    <subfield code="u">Shanghai Jiao Tong U.</subfield>
  </datafield>
  <datafield tag="700" ind1=" " ind2=" ">
    <subfield code="a">Rörup, Birte</subfield>
    <subfield code="u">Helsinki U.</subfield>
  </datafield>
  <datafield tag="700" ind1=" " ind2=" ">
    <subfield code="a">Shen, Jiali</subfield>
    <subfield code="u">Helsinki U.</subfield>
  </datafield>
  <datafield tag="700" ind1=" " ind2=" ">
    <subfield code="a">Finkenzeller, Henning</subfield>
    <subfield code="u">Colorado U.</subfield>
    <subfield code="u">Colorado U., CIRES</subfield>
    <subfield code="v">Cooperative Institute for Research in Environmental Sciences, University of Colorado Boulder, Boulder, CO 80309, USA.</subfield>
  </datafield>
  <datafield tag="700" ind1=" " ind2=" ">
    <subfield code="a">Stolzenburg, Dominik</subfield>
    <subfield code="u">Helsinki U.</subfield>
    <subfield code="u">Vienna U.</subfield>
    <subfield code="v">Institute for Materials Chemistry, TU Wien, 1060 Vienna, Austria.</subfield>
  </datafield>
  <datafield tag="700" ind1=" " ind2=" ">
    <subfield code="a">Zhang, Rongjie</subfield>
    <subfield code="u">Shanghai Jiao Tong U.</subfield>
  </datafield>
  <datafield tag="700" ind1=" " ind2=" ">
    <subfield code="a">Baccarini, Andrea</subfield>
    <subfield code="u">PSI, Villigen</subfield>
    <subfield code="u">Ecole Polytechnique, Lausanne</subfield>
    <subfield code="v">Laboratory of Atmospheric Processes and their Impact, Ecole Polytechnique Fédérale de Lausanne (EPFL), 1015 Lausanne, Switzerland.</subfield>
  </datafield>
  <datafield tag="700" ind1=" " ind2=" ">
    <subfield code="a">Tham, Yee Jun</subfield>
    <subfield code="u">Helsinki U.</subfield>
    <subfield code="u">Zhongshan U., Zhuhai</subfield>
    <subfield code="v">School of Marine Sciences, Sun Yat-sen University, 519082 Zhuhai, China.</subfield>
  </datafield>
  <datafield tag="700" ind1=" " ind2=" ">
    <subfield code="a">Wang, Mingyi</subfield>
    <subfield code="u">Caltech</subfield>
  </datafield>
  <datafield tag="700" ind1=" " ind2=" ">
    <subfield code="a">Amanatidis, Stavros</subfield>
    <subfield code="u">Caltech</subfield>
  </datafield>
  <datafield tag="700" ind1=" " ind2=" ">
    <subfield code="a">Piedehierro, Ana A</subfield>
    <subfield code="u">Helsinki Inst. of Phys.</subfield>
  </datafield>
  <datafield tag="700" ind1=" " ind2=" ">
    <subfield code="a">Amorim, Antonio</subfield>
    <subfield code="u">CMAF, Lisbon</subfield>
  </datafield>
  <datafield tag="700" ind1=" " ind2=" ">
    <subfield code="a">Baalbaki, Rima</subfield>
    <subfield code="u">Helsinki U.</subfield>
  </datafield>
  <datafield tag="700" ind1=" " ind2=" ">
    <subfield code="a">Brasseur, Zoé</subfield>
    <subfield code="u">Helsinki U.</subfield>
  </datafield>
  <datafield tag="700" ind1=" " ind2=" ">
    <subfield code="a">Caudillo, Lucía</subfield>
    <subfield code="u">Frankfurt U., FIAS</subfield>
    <subfield code="u">Frankfurt U.</subfield>
  </datafield>
  <datafield tag="700" ind1=" " ind2=" ">
    <subfield code="a">Chu, Biwu</subfield>
    <subfield code="u">Helsinki U.</subfield>
    <subfield code="u">Beijing, Inst. High Energy Phys.</subfield>
    <subfield code="v">Research Center for Eco-Environmental Sciences, Chinese Academy of Sciences, 100084 Beijing, China.</subfield>
  </datafield>
  <datafield tag="700" ind1=" " ind2=" ">
    <subfield code="a">Dada, Lubna</subfield>
    <subfield code="u">Helsinki U.</subfield>
    <subfield code="u">PSI, Villigen</subfield>
    <subfield code="v">Laboratory of Atmospheric Chemistry, Paul Scherrer Institute, CH-5232 Villigen, Switzerland.</subfield>
  </datafield>
  <datafield tag="700" ind1=" " ind2=" ">
    <subfield code="a">Duplissy, Jonathan</subfield>
    <subfield code="u">Helsinki U.</subfield>
    <subfield code="u">Helsinki Inst. of Phys.</subfield>
    <subfield code="v">Helsinki Institute of Physics, University of Helsinki, 00014 Helsinki, Finland.</subfield>
  </datafield>
  <datafield tag="700" ind1=" " ind2=" ">
    <subfield code="a">Haddad, Imad El</subfield>
    <subfield code="u">PSI, Villigen</subfield>
  </datafield>
  <datafield tag="700" ind1=" " ind2=" ">
    <subfield code="a">Flagan, Richard C</subfield>
    <subfield code="u">Caltech</subfield>
  </datafield>
  <datafield tag="700" ind1=" " ind2=" ">
    <subfield code="a">Granzin, Manuel</subfield>
    <subfield code="u">Frankfurt U., FIAS</subfield>
    <subfield code="u">Frankfurt U.</subfield>
  </datafield>
  <datafield tag="700" ind1=" " ind2=" ">
    <subfield code="a">Hansel, Armin</subfield>
    <subfield code="u">Innsbruck U.</subfield>
  </datafield>
  <datafield tag="700" ind1=" " ind2=" ">
    <subfield code="a">Heinritzi, Martin</subfield>
    <subfield code="u">Frankfurt U., FIAS</subfield>
    <subfield code="u">Frankfurt U.</subfield>
  </datafield>
  <datafield tag="700" ind1=" " ind2=" ">
    <subfield code="a">Hofbauer, Victoria</subfield>
    <subfield code="u">Carnegie Mellon U.</subfield>
  </datafield>
  <datafield tag="700" ind1=" " ind2=" ">
    <subfield code="a">Jokinen, Tuija</subfield>
    <subfield code="u">Helsinki U.</subfield>
    <subfield code="u">Cyprus Inst.</subfield>
    <subfield code="v">Climate and Atmosphere Research Centre (CARE-C), The Cyprus Institute, 1645 Nicosia, Cyprus.</subfield>
  </datafield>
  <datafield tag="700" ind1=" " ind2=" ">
    <subfield code="a">Kemppainen, Deniz</subfield>
    <subfield code="u">Helsinki U.</subfield>
  </datafield>
  <datafield tag="700" ind1=" " ind2=" ">
    <subfield code="a">Kong, Weimeng</subfield>
    <subfield code="u">Caltech</subfield>
  </datafield>
  <datafield tag="700" ind1=" " ind2=" ">
    <subfield code="a">Krechmer, Jordan</subfield>
    <subfield code="u">New England Nucl.</subfield>
  </datafield>
  <datafield tag="700" ind1=" " ind2=" ">
    <subfield code="a">Kürten, Andreas</subfield>
    <subfield code="u">Frankfurt U., FIAS</subfield>
    <subfield code="u">Frankfurt U.</subfield>
  </datafield>
  <datafield tag="700" ind1=" " ind2=" ">
    <subfield code="a">Lamkaddam, Houssni</subfield>
    <subfield code="u">PSI, Villigen</subfield>
  </datafield>
  <datafield tag="700" ind1=" " ind2=" ">
    <subfield code="a">Lopez, Brandon</subfield>
    <subfield code="u">Carnegie Mellon U.</subfield>
    <subfield code="v">Department of Chemical Engineering, Carnegie Mellon University, Pittsburgh, PA 15213, USA.</subfield>
  </datafield>
  <datafield tag="700" ind1=" " ind2=" ">
    <subfield code="a">Ma, Fangfang</subfield>
    <subfield code="u">Shanghai Jiao Tong U.</subfield>
  </datafield>
  <datafield tag="700" ind1=" " ind2=" ">
    <subfield code="a">Mahfouz, Naser G A</subfield>
    <subfield code="u">Carnegie Mellon U.</subfield>
  </datafield>
  <datafield tag="700" ind1=" " ind2=" ">
    <subfield code="a">Makhmutov, Vladimir</subfield>
    <subfield code="u">Lebedev Inst.</subfield>
    <subfield code="u">Moscow, MIPT</subfield>
    <subfield code="v">Moscow Institute of Physics and Technology (National Research University),141701 Moscow, Russian Federation.</subfield>
  </datafield>
  <datafield tag="700" ind1=" " ind2=" ">
    <subfield code="a">Manninen, Hanna E</subfield>
    <subfield code="u">CERN</subfield>
  </datafield>
  <datafield tag="700" ind1=" " ind2=" ">
    <subfield code="a">Marie, Guillaume</subfield>
    <subfield code="u">Frankfurt U., FIAS</subfield>
    <subfield code="u">Frankfurt U.</subfield>
  </datafield>
  <datafield tag="700" ind1=" " ind2=" ">
    <subfield code="a">Marten, Ruby</subfield>
    <subfield code="u">PSI, Villigen</subfield>
  </datafield>
  <datafield tag="700" ind1=" " ind2=" ">
    <subfield code="a">Massabò, Dario</subfield>
    <subfield code="u">Genoa U.</subfield>
    <subfield code="u">INFN, Genoa</subfield>
  </datafield>
  <datafield tag="700" ind1=" " ind2=" ">
    <subfield code="a">Mauldin, Roy L</subfield>
    <subfield code="u">Carnegie Mellon U.</subfield>
    <subfield code="u">Colorado U.</subfield>
    <subfield code="v">Department of Atmospheric and Oceanic Sciences, University of Colorado Boulder, Boulder, CO 80309, USA.</subfield>
  </datafield>
  <datafield tag="700" ind1=" " ind2=" ">
    <subfield code="a">Mentler, Bernhard</subfield>
    <subfield code="u">Innsbruck U.</subfield>
  </datafield>
  <datafield tag="700" ind1=" " ind2=" ">
    <subfield code="a">Onnela, Antti</subfield>
    <subfield code="u">CERN</subfield>
  </datafield>
  <datafield tag="700" ind1=" " ind2=" ">
    <subfield code="a">Petäjä, Tuukka</subfield>
    <subfield code="u">Helsinki U.</subfield>
  </datafield>
  <datafield tag="700" ind1=" " ind2=" ">
    <subfield code="a">Pfeifer, Joschka</subfield>
    <subfield code="u">CERN</subfield>
  </datafield>
  <datafield tag="700" ind1=" " ind2=" ">
    <subfield code="a">Philippov, Maxim</subfield>
    <subfield code="u">Lebedev Inst.</subfield>
  </datafield>
  <datafield tag="700" ind1=" " ind2=" ">
    <subfield code="a">Ranjithkumar, Ananth</subfield>
    <subfield code="u">British Antarctic Survey</subfield>
  </datafield>
  <datafield tag="700" ind1=" " ind2=" ">
    <subfield code="a">Rissanen, Matti P</subfield>
    <subfield code="u">Tampere U. of Tech.</subfield>
    <subfield code="u">Helsinki U.</subfield>
    <subfield code="v">Department of Chemistry, University of Helsinki, 00014 Helsinki, Finland.</subfield>
  </datafield>
  <datafield tag="700" ind1=" " ind2=" ">
    <subfield code="a">Schobesberger, Siegfried</subfield>
    <subfield code="u">Aalto U.</subfield>
  </datafield>
  <datafield tag="700" ind1=" " ind2=" ">
    <subfield code="a">Scholz, Wiebke</subfield>
    <subfield code="u">Innsbruck U.</subfield>
  </datafield>
  <datafield tag="700" ind1=" " ind2=" ">
    <subfield code="a">Schulze, Benjamin</subfield>
    <subfield code="u">Caltech</subfield>
  </datafield>
  <datafield tag="700" ind1=" " ind2=" ">
    <subfield code="a">Surdu, Mihnea</subfield>
    <subfield code="u">PSI, Villigen</subfield>
  </datafield>
  <datafield tag="700" ind1=" " ind2=" ">
    <subfield code="a">Thakur, Roseline C</subfield>
    <subfield code="u">Helsinki U.</subfield>
  </datafield>
  <datafield tag="700" ind1=" " ind2=" ">
    <subfield code="a">Tomé, António</subfield>
    <subfield code="u">Beira Interior U., Covilha</subfield>
    <subfield code="u">UBI, Covilha</subfield>
  </datafield>
  <datafield tag="700" ind1=" " ind2=" ">
    <subfield code="a">Wagner, Andrea C</subfield>
    <subfield code="u">Frankfurt U., FIAS</subfield>
    <subfield code="u">Frankfurt U.</subfield>
  </datafield>
  <datafield tag="700" ind1=" " ind2=" ">
    <subfield code="a">Wang, Dongyu</subfield>
    <subfield code="u">PSI, Villigen</subfield>
  </datafield>
  <datafield tag="700" ind1=" " ind2=" ">
    <subfield code="a">Wang, Yonghong</subfield>
    <subfield code="u">Helsinki U.</subfield>
    <subfield code="u">Beijing, Inst. High Energy Phys.</subfield>
    <subfield code="v">Research Center for Eco-Environmental Sciences, Chinese Academy of Sciences, 100084 Beijing, China.</subfield>
  </datafield>
  <datafield tag="700" ind1=" " ind2=" ">
    <subfield code="a">Weber, Stefan K</subfield>
    <subfield code="u">CERN</subfield>
    <subfield code="u">Frankfurt U., FIAS</subfield>
    <subfield code="u">Frankfurt U.</subfield>
    <subfield code="v">Institute for Atmospheric and Environmental Sciences, Goethe University Frankfurt, 60438 Frankfurt am Main, Germany.</subfield>
  </datafield>
  <datafield tag="700" ind1=" " ind2=" ">
    <subfield code="a">Welti, André</subfield>
    <subfield code="u">Helsinki Inst. of Phys.</subfield>
  </datafield>
  <datafield tag="700" ind1=" " ind2=" ">
    <subfield code="a">Winkler, Paul M</subfield>
    <subfield code="u">Vienna U.</subfield>
  </datafield>
  <datafield tag="700" ind1=" " ind2=" ">
    <subfield code="a">Zauner-Wieczorek, Marcel</subfield>
    <subfield code="u">Frankfurt U., FIAS</subfield>
    <subfield code="u">Frankfurt U.</subfield>
  </datafield>
  <datafield tag="700" ind1=" " ind2=" ">
    <subfield code="a">Baltensperger, Urs</subfield>
    <subfield code="u">PSI, Villigen</subfield>
  </datafield>
  <datafield tag="700" ind1=" " ind2=" ">
    <subfield code="a">Curtius, Joachim</subfield>
    <subfield code="u">Frankfurt U., FIAS</subfield>
    <subfield code="u">Frankfurt U.</subfield>
  </datafield>
  <datafield tag="700" ind1=" " ind2=" ">
    <subfield code="a">Kurtén, Theo</subfield>
    <subfield code="u">Helsinki U.</subfield>
  </datafield>
  <datafield tag="700" ind1=" " ind2=" ">
    <subfield code="a">Worsnop, Douglas R</subfield>
    <subfield code="u">Helsinki U.</subfield>
    <subfield code="u">New England Nucl.</subfield>
    <subfield code="v">Aerodyne Research, Inc., Billerica, MA 01821, USA.</subfield>
  </datafield>
  <datafield tag="700" ind1=" " ind2=" ">
    <subfield code="a">Volkamer, Rainer</subfield>
    <subfield code="u">Colorado U.</subfield>
    <subfield code="u">Colorado U., CIRES</subfield>
    <subfield code="v">Cooperative Institute for Research in Environmental Sciences, University of Colorado Boulder, Boulder, CO 80309, USA.</subfield>
  </datafield>
  <datafield tag="700" ind1=" " ind2=" ">
    <subfield code="a">Lehtipalo, Katrianne</subfield>
    <subfield code="u">Helsinki U.</subfield>
    <subfield code="u">Helsinki Inst. of Phys.</subfield>
    <subfield code="v">Finnish Meteorological Institute, 00560 Helsinki, Finland.</subfield>
  </datafield>
  <datafield tag="700" ind1=" " ind2=" ">
    <subfield code="a">Kirkby, Jasper</subfield>
    <subfield code="u">CERN</subfield>
    <subfield code="u">Frankfurt U., FIAS</subfield>
    <subfield code="u">Frankfurt U.</subfield>
    <subfield code="v">Institute for Atmospheric and Environmental Sciences, Goethe University Frankfurt, 60438 Frankfurt am Main, Germany.</subfield>
  </datafield>
  <datafield tag="700" ind1=" " ind2=" ">
    <subfield code="a">Donahue, Neil M</subfield>
    <subfield code="u">Carnegie Mellon U.</subfield>
    <subfield code="v">Department of Chemical Engineering, Carnegie Mellon University, Pittsburgh, PA 15213, USA.</subfield>
    <subfield code="v">Department of Engineering and Public Policy, Carnegie Mellon University, Pittsburgh, PA 15213, USA.</subfield>
  </datafield>
  <datafield tag="700" ind1=" " ind2=" ">
    <subfield code="a">Sipilä, Mikko</subfield>
    <subfield code="u">Helsinki U.</subfield>
  </datafield>
  <datafield tag="700" ind1=" " ind2=" ">
    <subfield code="a">Kulmala, Markku</subfield>
    <subfield code="u">Helsinki U.</subfield>
    <subfield code="u">Helsinki Inst. of Phys.</subfield>
    <subfield code="u">Nanjing U. (main)</subfield>
    <subfield code="u">Beijing U. of Chem. Tech.</subfield>
    <subfield code="v">Helsinki Institute of Physics, University of Helsinki, 00014 Helsinki, Finland.</subfield>
    <subfield code="v">Aerosol and Haze Laboratory, Beijing Advanced Innovation Center for Soft Matter Science and Engineering, Beijing University of Chemical Technology, 100029 Beijing, China.</subfield>
  </datafield>
  <datafield tag="773" ind1=" " ind2=" ">
    <subfield code="c">adh2526</subfield>
    <subfield code="n">6676</subfield>
    <subfield code="p">Science</subfield>
    <subfield code="v">382</subfield>
    <subfield code="y">2023</subfield>
  </datafield>
  <datafield tag="856" ind1="4" ind2=" ">
    <subfield code="8">2504113</subfield>
    <subfield code="s">10215290</subfield>
    <subfield code="u">http://cds.cern.ch/record/2886038/files/IodineSulfur_manuscript_CCBY.pdf</subfield>
    <subfield code="y">Manuscript</subfield>
  </datafield>
  <datafield tag="856" ind1="4" ind2=" ">
    <subfield code="8">2504113</subfield>
    <subfield code="s">12734</subfield>
    <subfield code="u">http://cds.cern.ch/record/2886038/files/IodineSulfur_manuscript_CCBY.gif?subformat=icon</subfield>
    <subfield code="x">icon</subfield>
    <subfield code="y">Manuscript</subfield>
  </datafield>
  <datafield tag="856" ind1="4" ind2=" ">
    <subfield code="8">2504113</subfield>
    <subfield code="s">18802</subfield>
    <subfield code="u">http://cds.cern.ch/record/2886038/files/IodineSulfur_manuscript_CCBY.jpg?subformat=icon-180</subfield>
    <subfield code="x">icon-180</subfield>
    <subfield code="y">Manuscript</subfield>
  </datafield>
  <datafield tag="856" ind1="4" ind2=" ">
    <subfield code="8">2504113</subfield>
    <subfield code="s">188714</subfield>
    <subfield code="u">http://cds.cern.ch/record/2886038/files/IodineSulfur_manuscript_CCBY.jpg?subformat=icon-1440</subfield>
    <subfield code="x">icon-1440</subfield>
    <subfield code="y">Manuscript</subfield>
  </datafield>
  <datafield tag="856" ind1="4" ind2=" ">
    <subfield code="8">2504113</subfield>
    <subfield code="s">188714</subfield>
    <subfield code="u">http://cds.cern.ch/record/2886038/files/IodineSulfur_manuscript_CCBY.jpg?subformat=icon-640</subfield>
    <subfield code="x">icon-640</subfield>
    <subfield code="y">Manuscript</subfield>
  </datafield>
  <datafield tag="856" ind1="4" ind2=" ">
    <subfield code="8">2504113</subfield>
    <subfield code="s">188714</subfield>
    <subfield code="u">http://cds.cern.ch/record/2886038/files/IodineSulfur_manuscript_CCBY.jpg?subformat=icon-700</subfield>
    <subfield code="x">icon-700</subfield>
    <subfield code="y">Manuscript</subfield>
  </datafield>
  <datafield tag="960" ind1=" " ind2=" ">
    <subfield code="a">13</subfield>
  </datafield>
  <datafield tag="980" ind1=" " ind2=" ">
    <subfield code="a">ARTICLE</subfield>
  </datafield>
</record>