
<record>
  <controlfield tag="001">2884472</controlfield>
  <controlfield tag="005">20240208062917.0</controlfield>
  <datafield tag="024" ind1="8" ind2=" ">
    <subfield code="a">oai:cds.cern.ch:2884472</subfield>
    <subfield code="p">cerncds:FULLTEXT</subfield>
    <subfield code="p">cerncds:CERN:FULLTEXT</subfield>
    <subfield code="p">cerncds:CERN</subfield>
  </datafield>
  <datafield tag="024" ind1="7" ind2=" ">
    <subfield code="2">DOI</subfield>
    <subfield code="9">Elsevier Ltd</subfield>
    <subfield code="a">10.1016/j.apradiso.2023.110666</subfield>
    <subfield code="q">publication</subfield>
  </datafield>
  <datafield tag="035" ind1=" " ind2=" ">
    <subfield code="9">arXiv</subfield>
    <subfield code="a">oai:arXiv.org:2205.15926</subfield>
  </datafield>
  <datafield tag="035" ind1=" " ind2=" ">
    <subfield code="a">oai:inspirehep.net:2089733</subfield>
    <subfield code="u">https://inspirehep.net/api/oai2d</subfield>
    <subfield code="9">Inspire</subfield>
    <subfield code="d">2024-02-07T14:57:10Z</subfield>
    <subfield code="h">2024-02-08T04:15:55Z</subfield>
    <subfield code="m">marcxml</subfield>
    <subfield code="t">true</subfield>
  </datafield>
  <datafield tag="035" ind1=" " ind2=" ">
    <subfield code="9">Inspire</subfield>
    <subfield code="a">2089733</subfield>
  </datafield>
  <datafield tag="037" ind1=" " ind2=" ">
    <subfield code="9">arXiv</subfield>
    <subfield code="a">arXiv:2205.15926</subfield>
    <subfield code="c">physics.ins-det</subfield>
  </datafield>
  <datafield tag="041" ind1=" " ind2=" ">
    <subfield code="a">eng</subfield>
  </datafield>
  <datafield tag="100" ind1=" " ind2=" ">
    <subfield code="a">Jörg, Florian</subfield>
    <subfield code="u">Heidelberg, Max Planck Inst.</subfield>
    <subfield code="v">Max-Planck-Institut für Kernphysik, Saupfercheckweg 1, 69117 Heidelberg, Germany</subfield>
  </datafield>
  <datafield tag="245" ind1=" " ind2=" ">
    <subfield code="9">Elsevier Ltd</subfield>
    <subfield code="a">Production and characterization of a $^{222}$Rn-emanating stainless steel source</subfield>
  </datafield>
  <datafield tag="246" ind1=" " ind2=" ">
    <subfield code="9">Elsevier Ltd</subfield>
    <subfield code="a">Production and characterization of a $^{222}$Rn-emanating stainless steel source</subfield>
  </datafield>
  <datafield tag="260" ind1=" " ind2=" ">
    <subfield code="c">2023-01-20</subfield>
  </datafield>
  <datafield tag="269" ind1=" " ind2=" ">
    <subfield code="c">2022-05-31</subfield>
  </datafield>
  <datafield tag="300" ind1=" " ind2=" ">
    <subfield code="a">7 p</subfield>
  </datafield>
  <datafield tag="500" ind1=" " ind2=" ">
    <subfield code="9">arXiv</subfield>
    <subfield code="a">9 pages, 11 figures, 8th ICRM-LLRMT conference (2022)</subfield>
  </datafield>
  <datafield tag="520" ind1=" " ind2=" ">
    <subfield code="9">Elsevier Ltd</subfield>
    <subfield code="a">Precise radon measurements are a requirement for various applications, ranging from radiation protection over environmental studies to material screening campaigns for rare-event searches. All of them ultimately depend on the availability of calibration sources with a known and stable radon emanation rate. A new approach to produce clean and dry radon sources by implantation of &lt;sup loc="pre">226&lt;/sup>Ra ions into stainless steel has been investigated. In a proof of principle study, two stainless steel plates have been implanted in collaboration with the ISOLDE facility located at CERN. We present results from a complete characterization of the sources. Each sample provides a radon emanation rate of about 2 Bq, which has been measured using electrostatic radon monitors as well as miniaturized proportional counters. Additional measurements using HPGe and alpha spectrometry as well as measurements of the radon emanation rate at low temperatures were carried out. •Production of &lt;sup loc="pre">222&lt;/sup>Rn emanating stainless steel sources by implantation of &lt;sup loc="pre">226&lt;/sup>Ra.•Measurement of the implanted activity (8 Bq) with HPGe- and alpha-spectrometry.•Radon emanation rate (2 Bq) measured by radon monitor and proportional counter.•Recoil dominated emanation without significant dependence on temperature and pressure.</subfield>
  </datafield>
  <datafield tag="520" ind1=" " ind2=" ">
    <subfield code="9">arXiv</subfield>
    <subfield code="a">Precise radon measurements are a requirement for various applications, ranging from radiation protection over environmental studies to material screening campaigns for rare-event searches. All of them ultimately depend on the availability of calibration sources with a known and stable radon emanation rate. A new approach to produce clean and dry radon sources by implantation of $^{226}$Ra ions into stainless steel has been investigated. In a proof of principle study, two stainless steel plates have been implanted in collaboration with the ISOLDE facility located at CERN. We present results from a complete characterization of the sources. Each sample provides a radon emanation rate of about 2 Bq, which has been measured using electrostatic radon monitors as well as miniaturized proportional counters. Additional measurements using HPGe and alpha spectrometry as well as measurements of the radon emanation rate at low temperatures were carried out.</subfield>
  </datafield>
  <datafield tag="540" ind1=" " ind2=" ">
    <subfield code="3">preprint</subfield>
    <subfield code="a">CC BY-NC-ND 4.0</subfield>
    <subfield code="u">http://creativecommons.org/licenses/by-nc-nd/4.0/</subfield>
  </datafield>
  <datafield tag="542" ind1=" " ind2=" ">
    <subfield code="3">publication</subfield>
    <subfield code="d">Elsevier Ltd</subfield>
    <subfield code="g">2023</subfield>
  </datafield>
  <datafield tag="595" ind1=" " ind2=" ">
    <subfield code="c">CDS</subfield>
  </datafield>
  <datafield tag="595" ind1=" " ind2=" ">
    <subfield code="a">For annual report</subfield>
  </datafield>
  <datafield tag="650" ind1="1" ind2="7">
    <subfield code="2">arXiv</subfield>
    <subfield code="a">nucl-ex</subfield>
  </datafield>
  <datafield tag="650" ind1="1" ind2="7">
    <subfield code="2">SzGeCERN</subfield>
    <subfield code="a">Nuclear Physics - Experiment</subfield>
  </datafield>
  <datafield tag="650" ind1="1" ind2="7">
    <subfield code="2">arXiv</subfield>
    <subfield code="a">physics.ins-det</subfield>
  </datafield>
  <datafield tag="650" ind1="1" ind2="7">
    <subfield code="2">SzGeCERN</subfield>
    <subfield code="a">Detectors and Experimental Techniques</subfield>
  </datafield>
  <datafield tag="690" ind1="C" ind2=" ">
    <subfield code="a">CERN</subfield>
  </datafield>
  <datafield tag="690" ind1="C" ind2=" ">
    <subfield code="a">ARTICLE</subfield>
  </datafield>
  <datafield tag="693" ind1=" " ind2=" ">
    <subfield code="a">CERN ISOLDE</subfield>
  </datafield>
  <datafield tag="700" ind1=" " ind2=" ">
    <subfield code="a">Eurin, Guillaume</subfield>
    <subfield code="u">Heidelberg, Max Planck Inst.</subfield>
    <subfield code="u">IRFU, Saclay</subfield>
    <subfield code="v">Max-Planck-Institut für Kernphysik, Saupfercheckweg 1, 69117 Heidelberg, Germany</subfield>
    <subfield code="v">IRFU, CEA, Université Paris-Saclay, F-91191 Gif-sur-Yvette, France11Present address.</subfield>
  </datafield>
  <datafield tag="700" ind1=" " ind2=" ">
    <subfield code="a">Simgen, Hardy</subfield>
    <subfield code="u">Heidelberg, Max Planck Inst.</subfield>
    <subfield code="v">Max-Planck-Institut für Kernphysik, Saupfercheckweg 1, 69117 Heidelberg, Germany</subfield>
  </datafield>
  <datafield tag="773" ind1=" " ind2=" ">
    <subfield code="c">110666</subfield>
    <subfield code="m">publication</subfield>
    <subfield code="p">Appl. Radiat. Isot.</subfield>
    <subfield code="v">194</subfield>
    <subfield code="y">2023</subfield>
  </datafield>
  <datafield tag="773" ind1=" " ind2=" ">
    <subfield code="w">C22-05-02.1</subfield>
  </datafield>
  <datafield tag="856" ind1="4" ind2=" ">
    <subfield code="8">2501541</subfield>
    <subfield code="s">12147</subfield>
    <subfield code="u">http://cds.cern.ch/record/2884472/files/thermal_setup.png</subfield>
    <subfield code="y">00008 Sketch of the setup used for the study of temperature dependence of radon emanation rate.</subfield>
  </datafield>
  <datafield tag="856" ind1="4" ind2=" ">
    <subfield code="8">2501542</subfield>
    <subfield code="s">10647</subfield>
    <subfield code="u">http://cds.cern.ch/record/2884472/files/by-nc-nd.eu.png</subfield>
    <subfield code="y">00000 Ra</subfield>
  </datafield>
  <datafield tag="856" ind1="4" ind2=" ">
    <subfield code="8">2501543</subfield>
    <subfield code="s">39477</subfield>
    <subfield code="u">http://cds.cern.ch/record/2884472/files/alpha_spectrum_long.png</subfield>
    <subfield code="y">00003 Alpha spectrum acquired for \textit{sample A} long (1.7\,years) after the implantation~\cite{Lecher:2019}. Alpha emission lines from isotopes belonging to the uranium (blue) and thorium (orange) decay chains are visible.</subfield>
  </datafield>
  <datafield tag="856" ind1="4" ind2=" ">
    <subfield code="8">2501544</subfield>
    <subfield code="s">67766</subfield>
    <subfield code="u">http://cds.cern.ch/record/2884472/files/alpha_spectrum_early.png</subfield>
    <subfield code="y">00010 Alpha emission spectrum of the implanted stainless steel \textit{sample B} 13\,weeks after the implantation~\cite{Herrero:2018}. Most intense alpha emission lines (solid lines) are fit using a sum of Crystal Ball functions~\cite{Skwarnicki:1986xj} with the residuals between data and fit function shown in the lower panel. Data falling in the gray bands were excluded from the fit. Dashed lines indicate possible subdominant contributions.</subfield>
  </datafield>
  <datafield tag="856" ind1="4" ind2=" ">
    <subfield code="8">2501545</subfield>
    <subfield code="s">763897</subfield>
    <subfield code="u">http://cds.cern.ch/record/2884472/files/sample_picture.png</subfield>
    <subfield code="y">00001 \textbf{Top: }Picture of one of the \isotope{226}{Ra} implanted stainless steel samples. \textbf{Bottom: }Expected implantation depth distribution as simulated using SRIM \cite{Ziegler:2010, Joerg:2017}.</subfield>
  </datafield>
  <datafield tag="856" ind1="4" ind2=" ">
    <subfield code="8">2501546</subfield>
    <subfield code="s">9086</subfield>
    <subfield code="u">http://cds.cern.ch/record/2884472/files/density_profile.png</subfield>
    <subfield code="y">00002 \textbf{Top: }Picture of one of the \isotope{226}{Ra} implanted stainless steel samples. \textbf{Bottom: }Expected implantation depth distribution as simulated using SRIM \cite{Ziegler:2010, Joerg:2017}.</subfield>
  </datafield>
  <datafield tag="856" ind1="4" ind2=" ">
    <subfield code="8">2501547</subfield>
    <subfield code="s">1971524</subfield>
    <subfield code="u">http://cds.cern.ch/record/2884472/files/2205.15926.pdf</subfield>
    <subfield code="y">Fulltext</subfield>
  </datafield>
  <datafield tag="856" ind1="4" ind2=" ">
    <subfield code="8">2501548</subfield>
    <subfield code="s">9131</subfield>
    <subfield code="u">http://cds.cern.ch/record/2884472/files/emanation_t_dependence.png</subfield>
    <subfield code="y">00009 Temperature dependence of the radon emanation rate of the \isotope{226}{Ra} implanted stainless steel \textit{sample B} as measured using an electrostatic radon monitor.</subfield>
  </datafield>
  <datafield tag="856" ind1="4" ind2=" ">
    <subfield code="8">2501549</subfield>
    <subfield code="s">30082</subfield>
    <subfield code="u">http://cds.cern.ch/record/2884472/files/hpge_spectrum.png</subfield>
    <subfield code="y">00005 HPGe gamma spectrum acquired for \textit{sample B}. The most prominent emission lines of $^{226}$Ra (red) as well as its short-lived daughter isotopes $^{214}$Bi (blue) and $^{214}$Pb (yellow) are highlighted. The region around the 186.2\,keV emission line of $^{226}$Ra is shown enlarged in the inset.</subfield>
  </datafield>
  <datafield tag="856" ind1="4" ind2=" ">
    <subfield code="8">2501550</subfield>
    <subfield code="s">841122</subfield>
    <subfield code="u">http://cds.cern.ch/record/2884472/files/emanation_vessel.png</subfield>
    <subfield code="y">00006 Emanation vessel used for the measurement of the sample's radon emanation rates. The aluminum ring (front) is used to fix the sample in place.</subfield>
  </datafield>
  <datafield tag="856" ind1="4" ind2=" ">
    <subfield code="8">2501551</subfield>
    <subfield code="s">4274</subfield>
    <subfield code="u">http://cds.cern.ch/record/2884472/files/hpge_sketch.png</subfield>
    <subfield code="y">00004 Cutaway view of the interleaved shielding of the HPGe spectrometer used in this work (figure adapted from~\cite{budjavs:2009}).</subfield>
  </datafield>
  <datafield tag="856" ind1="4" ind2=" ">
    <subfield code="8">2501552</subfield>
    <subfield code="s">35255</subfield>
    <subfield code="u">http://cds.cern.ch/record/2884472/files/ce_time_evolution.png</subfield>
    <subfield code="y">00011 Time evolution of the $^{139}$Ce activity found in \textit{sample B}. The inset shows the corresponding region of the gamma spectrum for the second measurement.</subfield>
  </datafield>
  <datafield tag="856" ind1="4" ind2=" ">
    <subfield code="8">2501553</subfield>
    <subfield code="s">17946</subfield>
    <subfield code="u">http://cds.cern.ch/record/2884472/files/radon_emanation.png</subfield>
    <subfield code="y">00007 Equilibrium emanation rate of \isotope{222}{Rn} at room temperature for both samples. Measurements carried out in helium atmosphere at pressure of 1050\,mbar (except for indicated measurement) using miniaturized proportional counters~\cite{Kiko:2001}.</subfield>
  </datafield>
  <datafield tag="960" ind1=" " ind2=" ">
    <subfield code="a">13</subfield>
  </datafield>
  <datafield tag="962" ind1=" " ind2=" ">
    <subfield code="b">2884386</subfield>
    <subfield code="k">110666</subfield>
    <subfield code="n">assergi20220502</subfield>
  </datafield>
  <datafield tag="980" ind1=" " ind2=" ">
    <subfield code="a">ARTICLE</subfield>
  </datafield>
</record>