
<record>
  <controlfield tag="001">2884471</controlfield>
  <controlfield tag="005">20240318150527.0</controlfield>
  <datafield tag="024" ind1="8" ind2=" ">
    <subfield code="a">oai:cds.cern.ch:2884471</subfield>
    <subfield code="p">cerncds:FULLTEXT</subfield>
    <subfield code="p">cerncds:CERN:FULLTEXT</subfield>
    <subfield code="p">cerncds:CERN</subfield>
  </datafield>
  <datafield tag="024" ind1="7" ind2=" ">
    <subfield code="2">DOI</subfield>
    <subfield code="9">Royal Society</subfield>
    <subfield code="a">10.1098/rspa.2023.0075</subfield>
    <subfield code="q">publication</subfield>
  </datafield>
  <datafield tag="035" ind1=" " ind2=" ">
    <subfield code="9">arXiv</subfield>
    <subfield code="a">oai:arXiv.org:2301.08045</subfield>
  </datafield>
  <datafield tag="035" ind1=" " ind2=" ">
    <subfield code="9">Inspire</subfield>
    <subfield code="a">oai:inspirehep.net:2624633</subfield>
    <subfield code="d">2023-12-20T20:08:05Z</subfield>
    <subfield code="h">2023-12-21T03:10:34Z</subfield>
    <subfield code="m">marcxml</subfield>
    <subfield code="t">true</subfield>
    <subfield code="u">https://inspirehep.net/api/oai2d</subfield>
  </datafield>
  <datafield tag="035" ind1=" " ind2=" ">
    <subfield code="9">Inspire</subfield>
    <subfield code="a">2624633</subfield>
  </datafield>
  <datafield tag="037" ind1=" " ind2=" ">
    <subfield code="9">arXiv</subfield>
    <subfield code="a">arXiv:2301.08045</subfield>
    <subfield code="c">nucl-ex</subfield>
  </datafield>
  <datafield tag="041" ind1=" " ind2=" ">
    <subfield code="a">eng</subfield>
  </datafield>
  <datafield tag="100" ind1=" " ind2=" ">
    <subfield code="a">Butler, P.A.</subfield>
    <subfield code="u">Liverpool U.</subfield>
    <subfield code="v">Oliver Lodge Laboratory, University of Liverpool, Liverpool L69 7ZE</subfield>
  </datafield>
  <datafield tag="245" ind1=" " ind2=" ">
    <subfield code="9">Royal Society</subfield>
    <subfield code="a">Enhancing the performance of solenoidal spectrometers for inverse reactions</subfield>
  </datafield>
  <datafield tag="260" ind1=" " ind2=" ">
    <subfield code="c">2023-05-31</subfield>
  </datafield>
  <datafield tag="269" ind1=" " ind2=" ">
    <subfield code="c">2023-01-19</subfield>
  </datafield>
  <datafield tag="300" ind1=" " ind2=" ">
    <subfield code="a">10 p</subfield>
  </datafield>
  <datafield tag="520" ind1=" " ind2=" ">
    <subfield code="9">Royal Society</subfield>
    <subfield code="a">Helical-orbit solenoidal spectrometers, in which the target and detector are placed inside a uniform magnetic field, have been utilized for more than a decade to study nuclear reactions in inverse kinematics, induced by radioactive beams. Methods to improve the final-state energy resolution are presented, and the inclusion of an active gas target is proposed to improve the performance of the spectrometer.</subfield>
  </datafield>
  <datafield tag="520" ind1=" " ind2=" ">
    <subfield code="9">arXiv</subfield>
    <subfield code="a">Helical-orbit solenoidal spectrometers, in which the target and detector are placed inside a uniform magnetic field, have been utilised for more than a decade to study nuclear reactions in inverse kinematics, induced by radioactive beams. Methods to improve the final state energy resolution are presented and the inclusion of an active gas target is proposed to improve the performance of the spectrometer.</subfield>
  </datafield>
  <datafield tag="540" ind1=" " ind2=" ">
    <subfield code="3">publication</subfield>
    <subfield code="a">CC-BY-4.0</subfield>
    <subfield code="b">Royal Society</subfield>
    <subfield code="u">http://creativecommons.org/licenses/by/4.0/</subfield>
  </datafield>
  <datafield tag="540" ind1=" " ind2=" ">
    <subfield code="3">preprint</subfield>
    <subfield code="a">CC BY 4.0</subfield>
    <subfield code="u">http://creativecommons.org/licenses/by/4.0/</subfield>
  </datafield>
  <datafield tag="595" ind1=" " ind2=" ">
    <subfield code="a">research-article</subfield>
  </datafield>
  <datafield tag="595" ind1=" " ind2=" ">
    <subfield code="a">DOKIFILE:prsA479.2273</subfield>
  </datafield>
  <datafield tag="595" ind1=" " ind2=" ">
    <subfield code="a">For annual report</subfield>
  </datafield>
  <datafield tag="650" ind1="1" ind2="7">
    <subfield code="2">arXiv</subfield>
    <subfield code="a">nucl-ex</subfield>
  </datafield>
  <datafield tag="650" ind1="1" ind2="7">
    <subfield code="2">SzGeCERN</subfield>
    <subfield code="a">Nuclear Physics - Experiment</subfield>
  </datafield>
  <datafield tag="690" ind1="C" ind2=" ">
    <subfield code="a">CERN</subfield>
  </datafield>
  <datafield tag="690" ind1="C" ind2=" ">
    <subfield code="a">ARTICLE</subfield>
  </datafield>
  <datafield tag="693" ind1=" " ind2=" ">
    <subfield code="a">CERN ISOLDE</subfield>
  </datafield>
  <datafield tag="773" ind1=" " ind2=" ">
    <subfield code="c">20230075</subfield>
    <subfield code="n">2273</subfield>
    <subfield code="p">Proc. R. Soc. Lond. A</subfield>
    <subfield code="v">479</subfield>
    <subfield code="y">2023</subfield>
  </datafield>
  <datafield tag="856" ind1="4" ind2=" ">
    <subfield code="8">2501489</subfield>
    <subfield code="s">251079</subfield>
    <subfield code="u">http://cds.cern.ch/record/2884471/files/contributions_set2_cropped.png</subfield>
    <subfield code="y">00001 The contributions to the total $Q$-value resolution of the ISOLDE Solenoidal Spectrometer for differing conditions. The left figure assumes that the uncertainties are given by set 1 in table~\ref{uncertainties} that are the typical values for HELIOS spectrometers. For the central figure the intrinsic energy resolution is reduced from 50keV to 10keV FWHM and the target thickness is reduced from 165 to 10$\mu$g/cm$^2$. For the right figure the beam characteristics are optimised by reducing the transverse emittance and energy spread. The area of each sector is proportional to the square of the $Q$-value resolution arising from the contribution alone.</subfield>
  </datafield>
  <datafield tag="856" ind1="4" ind2=" ">
    <subfield code="8">2501490</subfield>
    <subfield code="s">349284</subfield>
    <subfield code="u">http://cds.cern.ch/record/2884471/files/layout_cropped.png</subfield>
    <subfield code="y">00003 Layout of the hybrid detector, HELIOS-TPC. The ${\bm E}$ field is parallel to the ${\bm B}$ field and the beam direction. The interaction region is 15cm in the $z$ direction.</subfield>
  </datafield>
  <datafield tag="856" ind1="4" ind2=" ">
    <subfield code="8">2501491</subfield>
    <subfield code="s">212336</subfield>
    <subfield code="u">http://cds.cern.ch/record/2884471/files/algorithm_cropped.png</subfield>
    <subfield code="y">00008 The projection of the trajectory of the light particle in the magnetic field in the $z-y$ and $x-y$ planes, showing its relation to the position of the intersection on the pad detector ($z_p$) and silicon detector ($z_{Si}$).</subfield>
  </datafield>
  <datafield tag="856" ind1="4" ind2=" ">
    <subfield code="8">2501492</subfield>
    <subfield code="s">561514</subfield>
    <subfield code="u">http://cds.cern.ch/record/2884471/files/Publication.pdf</subfield>
    <subfield code="y">Fulltext</subfield>
  </datafield>
  <datafield tag="856" ind1="4" ind2=" ">
    <subfield code="8">2501493</subfield>
    <subfield code="s">404729</subfield>
    <subfield code="u">http://cds.cern.ch/record/2884471/files/efficiency_22Mg.png</subfield>
    <subfield code="y">00004 Efficiency, $\epsilon$, for detection of protons in the silicon array from four reactions listed in table~\ref{performance} as a function of the laboratory scattering angle of the ejectile $\zeta_{\rm lab}$ or centre-of-mass scattering angle $\theta_{\rm cm}$. For the $^{22}$Mg($\alpha$,p)$^{25}$Al reaction the black solid squares are measured values for the AT-TPC~\cite{Ran}. For the (d,p) reactions the black solid squares are values from the simulations described in the text for the HELIOS-like spectrometer ISS. The red open circles are for the hybrid HELIOS-TPC spectrometer assuming the layout of figure~\ref{layout} with 50Torr He or D$_2$ gas. The simulations use a nominal value for the reaction $Q$ of zero.</subfield>
  </datafield>
  <datafield tag="856" ind1="4" ind2=" ">
    <subfield code="8">2501494</subfield>
    <subfield code="s">238301</subfield>
    <subfield code="u">http://cds.cern.ch/record/2884471/files/contributions_set3_cropped.png</subfield>
    <subfield code="y">00002 The contributions to the total $Q$-value resolution of the ISOLDE Solenoidal Spectrometer for differing conditions. The left figure assumes that the uncertainties are given by set 1 in table~\ref{uncertainties} that are the typical values for HELIOS spectrometers. For the central figure the intrinsic energy resolution is reduced from 50keV to 10keV FWHM and the target thickness is reduced from 165 to 10$\mu$g/cm$^2$. For the right figure the beam characteristics are optimised by reducing the transverse emittance and energy spread. The area of each sector is proportional to the square of the $Q$-value resolution arising from the contribution alone.</subfield>
  </datafield>
  <datafield tag="856" ind1="4" ind2=" ">
    <subfield code="8">2501495</subfield>
    <subfield code="s">401466</subfield>
    <subfield code="u">http://cds.cern.ch/record/2884471/files/efficiency_Hg.png</subfield>
    <subfield code="y">00006 Efficiency, $\epsilon$, for detection of protons in the silicon array from four reactions listed in table~\ref{performance} as a function of the laboratory scattering angle of the ejectile $\zeta_{\rm lab}$ or centre-of-mass scattering angle $\theta_{\rm cm}$. For the $^{22}$Mg($\alpha$,p)$^{25}$Al reaction the black solid squares are measured values for the AT-TPC~\cite{Ran}. For the (d,p) reactions the black solid squares are values from the simulations described in the text for the HELIOS-like spectrometer ISS. The red open circles are for the hybrid HELIOS-TPC spectrometer assuming the layout of figure~\ref{layout} with 50Torr He or D$_2$ gas. The simulations use a nominal value for the reaction $Q$ of zero.</subfield>
  </datafield>
  <datafield tag="856" ind1="4" ind2=" ">
    <subfield code="8">2501496</subfield>
    <subfield code="s">4321723</subfield>
    <subfield code="u">http://cds.cern.ch/record/2884471/files/2301.08045.pdf</subfield>
    <subfield code="y">Fulltext</subfield>
  </datafield>
  <datafield tag="856" ind1="4" ind2=" ">
    <subfield code="8">2501497</subfield>
    <subfield code="s">189847</subfield>
    <subfield code="u">http://cds.cern.ch/record/2884471/files/contributions_set1_cropped.png</subfield>
    <subfield code="y">00000 The contributions to the total $Q$-value resolution of the ISOLDE Solenoidal Spectrometer for differing conditions. The left figure assumes that the uncertainties are given by set 1 in table~\ref{uncertainties} that are the typical values for HELIOS spectrometers. For the central figure the intrinsic energy resolution is reduced from 50keV to 10keV FWHM and the target thickness is reduced from 165 to 10$\mu$g/cm$^2$. For the right figure the beam characteristics are optimised by reducing the transverse emittance and energy spread. The area of each sector is proportional to the square of the $Q$-value resolution arising from the contribution alone.</subfield>
  </datafield>
  <datafield tag="856" ind1="4" ind2=" ">
    <subfield code="8">2501498</subfield>
    <subfield code="s">315480</subfield>
    <subfield code="u">http://cds.cern.ch/record/2884471/files/efficiency_86Kr.png</subfield>
    <subfield code="y">00007 Efficiency, $\epsilon$, for detection of protons in the silicon array from four reactions listed in table~\ref{performance} as a function of the laboratory scattering angle of the ejectile $\zeta_{\rm lab}$ or centre-of-mass scattering angle $\theta_{\rm cm}$. For the $^{22}$Mg($\alpha$,p)$^{25}$Al reaction the black solid squares are measured values for the AT-TPC~\cite{Ran}. For the (d,p) reactions the black solid squares are values from the simulations described in the text for the HELIOS-like spectrometer ISS. The red open circles are for the hybrid HELIOS-TPC spectrometer assuming the layout of figure~\ref{layout} with 50Torr He or D$_2$ gas. The simulations use a nominal value for the reaction $Q$ of zero.</subfield>
  </datafield>
  <datafield tag="856" ind1="4" ind2=" ">
    <subfield code="8">2501499</subfield>
    <subfield code="s">395196</subfield>
    <subfield code="u">http://cds.cern.ch/record/2884471/files/efficiency_28Mg.png</subfield>
    <subfield code="y">00005 Efficiency, $\epsilon$, for detection of protons in the silicon array from four reactions listed in table~\ref{performance} as a function of the laboratory scattering angle of the ejectile $\zeta_{\rm lab}$ or centre-of-mass scattering angle $\theta_{\rm cm}$. For the $^{22}$Mg($\alpha$,p)$^{25}$Al reaction the black solid squares are measured values for the AT-TPC~\cite{Ran}. For the (d,p) reactions the black solid squares are values from the simulations described in the text for the HELIOS-like spectrometer ISS. The red open circles are for the hybrid HELIOS-TPC spectrometer assuming the layout of figure~\ref{layout} with 50Torr He or D$_2$ gas. The simulations use a nominal value for the reaction $Q$ of zero.</subfield>
  </datafield>
  <datafield tag="960" ind1=" " ind2=" ">
    <subfield code="a">13</subfield>
  </datafield>
  <datafield tag="980" ind1=" " ind2=" ">
    <subfield code="a">ARTICLE</subfield>
  </datafield>
</record>