
<record>
  <controlfield tag="001">2884470</controlfield>
  <controlfield tag="005">20240219165752.0</controlfield>
  <datafield tag="024" ind1="7" ind2=" ">
    <subfield code="2">DOI</subfield>
    <subfield code="9">Springer</subfield>
    <subfield code="a">10.1140/epjc/s10052-023-12334-9</subfield>
  </datafield>
  <datafield tag="024" ind1="8" ind2=" ">
    <subfield code="a">oai:cds.cern.ch:2884470</subfield>
    <subfield code="p">cerncds:FULLTEXT</subfield>
    <subfield code="p">cerncds:CERN:FULLTEXT</subfield>
    <subfield code="p">cerncds:CERN</subfield>
  </datafield>
  <datafield tag="035" ind1=" " ind2=" ">
    <subfield code="9">arXiv</subfield>
    <subfield code="a">oai:arXiv.org:2310.14014</subfield>
  </datafield>
  <datafield tag="035" ind1=" " ind2=" ">
    <subfield code="a">oai:inspirehep.net:2713408</subfield>
    <subfield code="u">https://inspirehep.net/api/oai2d</subfield>
    <subfield code="9">Inspire</subfield>
    <subfield code="d">2024-01-09T23:24:14Z</subfield>
    <subfield code="h">2024-01-10T03:00:22Z</subfield>
    <subfield code="m">marcxml</subfield>
    <subfield code="t">true</subfield>
  </datafield>
  <datafield tag="035" ind1=" " ind2=" ">
    <subfield code="9">Inspire</subfield>
    <subfield code="a">2713408</subfield>
  </datafield>
  <datafield tag="037" ind1=" " ind2=" ">
    <subfield code="9">arXiv</subfield>
    <subfield code="a">arXiv:2310.14014</subfield>
    <subfield code="c">hep-ph</subfield>
  </datafield>
  <datafield tag="041" ind1=" " ind2=" ">
    <subfield code="a">eng</subfield>
  </datafield>
  <datafield tag="100" ind1=" " ind2=" ">
    <subfield code="a">Pech, M.A. May</subfield>
    <subfield code="t">GRID:grid.9486.3</subfield>
    <subfield code="u">Mexico U.</subfield>
    <subfield code="v">Instituto de Física, Universidad Nacional Autónoma de México, A.P. 20-364, 01000 Mexico City, Mexico</subfield>
  </datafield>
  <datafield tag="245" ind1=" " ind2=" ">
    <subfield code="9">Springer</subfield>
    <subfield code="a">Reduction of couplings in the Type-II 2HDM</subfield>
  </datafield>
  <datafield tag="260" ind1=" " ind2=" ">
    <subfield code="c">2023-12-14</subfield>
  </datafield>
  <datafield tag="269" ind1=" " ind2=" ">
    <subfield code="c">2023-10-21</subfield>
  </datafield>
  <datafield tag="300" ind1=" " ind2=" ">
    <subfield code="a">7 p</subfield>
  </datafield>
  <datafield tag="500" ind1=" " ind2=" ">
    <subfield code="9">arXiv</subfield>
    <subfield code="a">13 pages, 2 tables</subfield>
  </datafield>
  <datafield tag="520" ind1=" " ind2=" ">
    <subfield code="9">Springer</subfield>
    <subfield code="a">The idea of reduction of couplings consists in the search for relations between seemingly independent couplings of a renormalizable theory that are renormalization group invariant. In this article, we demonstrate the existence of such 1-loop relations among the top Yukawa, the Higgs quartic and the gauge colour couplings of the Type-II Two Higgs Doublet Model at a high-energy boundary. The phenomenological viability of the reduced theory suggests the value of $\tan \beta $ and the scale in which new physics may appear.</subfield>
  </datafield>
  <datafield tag="520" ind1=" " ind2=" ">
    <subfield code="9">arXiv</subfield>
    <subfield code="a">The idea of reduction of couplings consists in the search for relations between seemingly independent couplings of a renormalizable theory that are renormalization group invariant. In this article, we demonstrate the existence of such 1-loop relations among the top Yukawa, the Higgs quartic and the gauge colour couplings of the Type-II Two Higgs Doublet Model at a high-energy boundary. The phenomenological viability of the reduced theory suggests the value of $\tan\beta$ and the scale in which new physics may appear.</subfield>
  </datafield>
  <datafield tag="540" ind1=" " ind2=" ">
    <subfield code="3">publication</subfield>
    <subfield code="a">CC-BY-4.0</subfield>
    <subfield code="b">Springer</subfield>
    <subfield code="u">http://creativecommons.org/licenses/by/4.0/</subfield>
    <subfield code="f">SCOAP3</subfield>
  </datafield>
  <datafield tag="540" ind1=" " ind2=" ">
    <subfield code="3">preprint</subfield>
    <subfield code="a">arXiv nonexclusive-distrib 1.0</subfield>
    <subfield code="u">http://arxiv.org/licenses/nonexclusive-distrib/1.0/</subfield>
  </datafield>
  <datafield tag="541" ind1=" " ind2=" ">
    <subfield code="a">desy</subfield>
    <subfield code="c">hepcrawl</subfield>
    <subfield code="d">2023-12-16T20:27:46.795603</subfield>
    <subfield code="e">6575261</subfield>
  </datafield>
  <datafield tag="542" ind1=" " ind2=" ">
    <subfield code="d">The Author(s)</subfield>
    <subfield code="3">publication</subfield>
    <subfield code="g">2023</subfield>
  </datafield>
  <datafield tag="595" ind1=" " ind2=" ">
    <subfield code="c">CDS</subfield>
  </datafield>
  <datafield tag="595" ind1=" " ind2="D">
    <subfield code="a">R</subfield>
    <subfield code="d">2023-10-26</subfield>
    <subfield code="s">abs</subfield>
  </datafield>
  <datafield tag="595" ind1=" " ind2="D">
    <subfield code="a">R</subfield>
    <subfield code="d">2023-10-29</subfield>
    <subfield code="s">printed</subfield>
  </datafield>
  <datafield tag="650" ind1="1" ind2="7">
    <subfield code="a">hep-th</subfield>
    <subfield code="2">arXiv</subfield>
  </datafield>
  <datafield tag="650" ind1="1" ind2="7">
    <subfield code="a">Particle Physics - Theory</subfield>
    <subfield code="2">SzGeCERN</subfield>
  </datafield>
  <datafield tag="650" ind1="1" ind2="7">
    <subfield code="a">hep-ph</subfield>
    <subfield code="2">arXiv</subfield>
  </datafield>
  <datafield tag="650" ind1="1" ind2="7">
    <subfield code="a">Particle Physics - Phenomenology</subfield>
    <subfield code="2">SzGeCERN</subfield>
  </datafield>
  <datafield tag="690" ind1="C" ind2=" ">
    <subfield code="a">CERN</subfield>
  </datafield>
  <datafield tag="690" ind1="C" ind2=" ">
    <subfield code="a">ARTICLE</subfield>
  </datafield>
  <datafield tag="700" ind1=" " ind2=" ">
    <subfield code="a">Mondragón, M.</subfield>
    <subfield code="t">GRID:grid.9486.3</subfield>
    <subfield code="u">Mexico U.</subfield>
    <subfield code="v">Instituto de Física, Universidad Nacional Autónoma de México, A.P. 20-364, 01000 Mexico City, Mexico</subfield>
  </datafield>
  <datafield tag="700" ind1=" " ind2=" ">
    <subfield code="a">Patellis, G.</subfield>
    <subfield code="j">ORCID:0000-0002-5053-3994</subfield>
    <subfield code="m">grigorios.patellis@tecnico.ulisboa.pt</subfield>
    <subfield code="t">GRID:grid.9983.b</subfield>
    <subfield code="u">Lisbon, CFTP</subfield>
    <subfield code="u">Lisbon, IST</subfield>
    <subfield code="v">Centro de Física Teórica de Partículas-CFTP, Instituto Superior Técnico, Departamento de Física, Universidade de Lisboa, Avenida Rovisco Pais 1, 1049-001 Lisbon, Portugal</subfield>
  </datafield>
  <datafield tag="700" ind1=" " ind2=" ">
    <subfield code="a">Zoupanos, G.</subfield>
    <subfield code="t">GRID:grid.4241.3</subfield>
    <subfield code="t">GRID:grid.7700.0</subfield>
    <subfield code="t">GRID:grid.435824.c</subfield>
    <subfield code="t">GRID:grid.9132.9</subfield>
    <subfield code="u">Natl. Tech. U., Athens</subfield>
    <subfield code="u">Heidelberg U.</subfield>
    <subfield code="u">Munich, Max Planck Inst.</subfield>
    <subfield code="u">CERN</subfield>
    <subfield code="v">Physics Department, National Technical University, Zografou, 157 80 Athens, Greece</subfield>
    <subfield code="v">Institut für Theoretische Physik der Universität Heidelberg, Philosophenweg 16, 69120 Heidelberg, Germany</subfield>
    <subfield code="v">Max-Planck Institut für Physik, Föhringer Ring 6, 80805 Munich, Germany</subfield>
    <subfield code="v">Theoretical Physics Department, CERN, Geneva, Switzerland</subfield>
  </datafield>
  <datafield tag="773" ind1=" " ind2=" ">
    <subfield code="c">1129</subfield>
    <subfield code="n">12</subfield>
    <subfield code="y">2023</subfield>
    <subfield code="p">Eur. Phys. J. C</subfield>
    <subfield code="v">83</subfield>
  </datafield>
  <datafield tag="856" ind1="4" ind2=" ">
    <subfield code="8">2501487</subfield>
    <subfield code="s">175831</subfield>
    <subfield code="u">http://cds.cern.ch/record/2884470/files/2310.14014.pdf</subfield>
    <subfield code="y">Fulltext</subfield>
  </datafield>
  <datafield tag="856" ind1="4" ind2=" ">
    <subfield code="8">2501488</subfield>
    <subfield code="s">281686</subfield>
    <subfield code="u">http://cds.cern.ch/record/2884470/files/Publication.pdf</subfield>
    <subfield code="y">Fulltext</subfield>
  </datafield>
  <datafield tag="960" ind1=" " ind2=" ">
    <subfield code="a">13</subfield>
  </datafield>
  <datafield tag="980" ind1=" " ind2=" ">
    <subfield code="a">ARTICLE</subfield>
  </datafield>
</record>