
<record>
  <controlfield tag="001">2884469</controlfield>
  <controlfield tag="005">20240126160606.0</controlfield>
  <datafield tag="024" ind1="7" ind2=" ">
    <subfield code="2">DOI</subfield>
    <subfield code="9">arXiv</subfield>
    <subfield code="a">10.1016/j.ijms.2023.117166</subfield>
    <subfield code="q">publication</subfield>
  </datafield>
  <datafield tag="024" ind1="8" ind2=" ">
    <subfield code="a">oai:cds.cern.ch:2884469</subfield>
    <subfield code="p">cerncds:FULLTEXT</subfield>
    <subfield code="p">cerncds:CERN:FULLTEXT</subfield>
    <subfield code="p">cerncds:CERN</subfield>
  </datafield>
  <datafield tag="035" ind1=" " ind2=" ">
    <subfield code="9">arXiv</subfield>
    <subfield code="a">oai:arXiv.org:2311.16150</subfield>
  </datafield>
  <datafield tag="035" ind1=" " ind2=" ">
    <subfield code="9">Inspire</subfield>
    <subfield code="a">oai:inspirehep.net:2727380</subfield>
    <subfield code="d">2024-01-25T10:17:17Z</subfield>
    <subfield code="h">2024-01-26T03:00:16Z</subfield>
    <subfield code="m">marcxml</subfield>
    <subfield code="t">true</subfield>
    <subfield code="u">https://inspirehep.net/api/oai2d</subfield>
  </datafield>
  <datafield tag="035" ind1=" " ind2=" ">
    <subfield code="9">Inspire</subfield>
    <subfield code="a">2727380</subfield>
  </datafield>
  <datafield tag="037" ind1=" " ind2=" ">
    <subfield code="9">arXiv</subfield>
    <subfield code="a">arXiv:2311.16150</subfield>
    <subfield code="c">physics.ins-det</subfield>
  </datafield>
  <datafield tag="041" ind1=" " ind2=" ">
    <subfield code="a">eng</subfield>
  </datafield>
  <datafield tag="100" ind1=" " ind2=" ">
    <subfield code="a">Schlaich, M.</subfield>
    <subfield code="u">Darmstadt, Tech. Hochsch.</subfield>
    <subfield code="v">Technische Universität Darmstadt, Institut für Kernphysik, Schloßgartenstraße 9, 64289 Darmstadt, Germany</subfield>
  </datafield>
  <datafield tag="245" ind1=" " ind2=" ">
    <subfield code="9">arXiv</subfield>
    <subfield code="a">A multi-reflection time-of-flight mass spectrometer for the offline ion source of the PUMA experiment</subfield>
  </datafield>
  <datafield tag="260" ind1=" " ind2=" ">
    <subfield code="c">2023-10-31</subfield>
  </datafield>
  <datafield tag="269" ind1=" " ind2=" ">
    <subfield code="c">2023-11-07</subfield>
  </datafield>
  <datafield tag="300" ind1=" " ind2=" ">
    <subfield code="a">9 p</subfield>
  </datafield>
  <datafield tag="520" ind1=" " ind2=" ">
    <subfield code="9">arXiv</subfield>
    <subfield code="a">The antiProton Unstable Matter Annihilation experiment (PUMA) at CERN aims at investigating the nucleon composition in the matter density tail of radioactive as well as stable isotopes by use of low-energy antiproton-nucleon annihilation processes. For this purpose, antiprotons provided by the Extra Low ENergy Antiproton (ELENA) facility will be trapped together with the ions of interest. While exotic ions will be obtained by the Isotope mass Separator On-Line DEvice (ISOLDE), stable ions will be delivered from an offline ion source setup designed for this purpose. This allows the proposed technique to be applied to a variety of stable nuclei and for reference measurements. For beam purification, the ion source setup includes a multi-reflection time-of-flight mass spectrometer (MR-ToF MS). Supported by SIMION simulations, an earlier MR-ToF MS design has been modified to meet the requirements of PUMA. During commissioning of the new MR-ToF device with Ar$^+$ ions, mass resolving powers in excess of 50,000 have been obtained after 150 revolutions, limited by the chopping of the continuous beam from an electron impact ionisation source.</subfield>
  </datafield>
  <datafield tag="540" ind1=" " ind2=" ">
    <subfield code="3">preprint</subfield>
    <subfield code="a">CC BY 4.0</subfield>
    <subfield code="u">http://creativecommons.org/licenses/by/4.0/</subfield>
  </datafield>
  <datafield tag="542" ind1=" " ind2=" ">
    <subfield code="3">publication</subfield>
    <subfield code="d">Elsevier B.V.</subfield>
    <subfield code="g">2023</subfield>
  </datafield>
  <datafield tag="595" ind1=" " ind2=" ">
    <subfield code="c">CDS</subfield>
  </datafield>
  <datafield tag="595" ind1=" " ind2=" ">
    <subfield code="a">For annual report</subfield>
  </datafield>
  <datafield tag="650" ind1="1" ind2="7">
    <subfield code="2">arXiv</subfield>
    <subfield code="a">nucl-ex</subfield>
  </datafield>
  <datafield tag="650" ind1="1" ind2="7">
    <subfield code="2">SzGeCERN</subfield>
    <subfield code="a">Nuclear Physics - Experiment</subfield>
  </datafield>
  <datafield tag="650" ind1="1" ind2="7">
    <subfield code="2">arXiv</subfield>
    <subfield code="a">physics.ins-det</subfield>
  </datafield>
  <datafield tag="650" ind1="1" ind2="7">
    <subfield code="2">SzGeCERN</subfield>
    <subfield code="a">Detectors and Experimental Techniques</subfield>
  </datafield>
  <datafield tag="690" ind1="C" ind2=" ">
    <subfield code="a">CERN</subfield>
  </datafield>
  <datafield tag="690" ind1="C" ind2=" ">
    <subfield code="a">ARTICLE</subfield>
  </datafield>
  <datafield tag="693" ind1=" " ind2=" ">
    <subfield code="a">CERN ISOLDE</subfield>
  </datafield>
  <datafield tag="700" ind1=" " ind2=" ">
    <subfield code="a">Fischer, J.</subfield>
    <subfield code="u">Darmstadt, Tech. Hochsch.</subfield>
    <subfield code="v">Technische Universität Darmstadt, Institut für Kernphysik, Schloßgartenstraße 9, 64289 Darmstadt, Germany</subfield>
  </datafield>
  <datafield tag="700" ind1=" " ind2=" ">
    <subfield code="a">Fischer, P.</subfield>
    <subfield code="u">Greifswald U.</subfield>
    <subfield code="v">Universität Greifswald, Institut für Physik, Felix-Hausdorff-Straße 6, 17489 Greifswald, Germany</subfield>
  </datafield>
  <datafield tag="700" ind1=" " ind2=" ">
    <subfield code="a">Klink, C.</subfield>
    <subfield code="u">Darmstadt, Tech. Hochsch.</subfield>
    <subfield code="v">Technische Universität Darmstadt, Institut für Kernphysik, Schloßgartenstraße 9, 64289 Darmstadt, Germany</subfield>
  </datafield>
  <datafield tag="700" ind1=" " ind2=" ">
    <subfield code="a">Obertelli, A.</subfield>
    <subfield code="u">Darmstadt, Tech. Hochsch.</subfield>
    <subfield code="v">Technische Universität Darmstadt, Institut für Kernphysik, Schloßgartenstraße 9, 64289 Darmstadt, Germany</subfield>
  </datafield>
  <datafield tag="700" ind1=" " ind2=" ">
    <subfield code="a">Schmidt, A.</subfield>
    <subfield code="u">Darmstadt, Tech. Hochsch.</subfield>
    <subfield code="v">Technische Universität Darmstadt, Institut für Kernphysik, Schloßgartenstraße 9, 64289 Darmstadt, Germany</subfield>
  </datafield>
  <datafield tag="700" ind1=" " ind2=" ">
    <subfield code="a">Schweikhard, L.</subfield>
    <subfield code="u">Greifswald U.</subfield>
    <subfield code="v">Universität Greifswald, Institut für Physik, Felix-Hausdorff-Straße 6, 17489 Greifswald, Germany</subfield>
  </datafield>
  <datafield tag="700" ind1=" " ind2=" ">
    <subfield code="a">Wienholtz, F.</subfield>
    <subfield code="u">Darmstadt, Tech. Hochsch.</subfield>
    <subfield code="v">Technische Universität Darmstadt, Institut für Kernphysik, Schloßgartenstraße 9, 64289 Darmstadt, Germany</subfield>
  </datafield>
  <datafield tag="773" ind1=" " ind2=" ">
    <subfield code="c">117166</subfield>
    <subfield code="p">Int. J. Mass Spectrometry</subfield>
    <subfield code="v">495</subfield>
    <subfield code="y">2024</subfield>
  </datafield>
  <datafield tag="856" ind1="4" ind2=" ">
    <subfield code="8">2501476</subfield>
    <subfield code="s">1533368</subfield>
    <subfield code="u">http://cds.cern.ch/record/2884469/files/Figure6_sec4_CAD-MR-ToF-MS_2column.png</subfield>
    <subfield code="y">00005 CAD representation in half-section view of the MR-ToF MS. Ions are trapped between two electrostatic mirrors (indicated in red), which are separated by a drift tube. Lens and steering electrodes as well as in-trap deflectors are included.</subfield>
  </datafield>
  <datafield tag="856" ind1="4" ind2=" ">
    <subfield code="8">2501477</subfield>
    <subfield code="s">338436</subfield>
    <subfield code="u">http://cds.cern.ch/record/2884469/files/Figure1_sec1_CAD-overview_ion-source_2column.png</subfield>
    <subfield code="y">00000 CAD representation of the PUMA offline ion source beamline. The ions generated in the ion source are mass-separated in the MR-ToF MS and cooled and bunched in the RFQ. Three movable time-of-flight (ToF) detectors allow a stepwise characterisation of the ion beam.</subfield>
  </datafield>
  <datafield tag="856" ind1="4" ind2=" ">
    <subfield code="8">2501478</subfield>
    <subfield code="s">202648</subfield>
    <subfield code="u">http://cds.cern.ch/record/2884469/files/Figure4_sec3.3_acceptance_1.5column.png</subfield>
    <subfield code="y">00003 Acceptance plot of the Greifswald (left) and Darmstadt (right) MR-ToF MS geometries. The respective applied potential profiles are selected based on the largest mass resolving power found in the final MC simulation. The second orthogonal part of the phase space, the z-z' plane (beam axis along the x-axis), is redundant due to the rotational symmetry of the electrodes.</subfield>
  </datafield>
  <datafield tag="856" ind1="4" ind2=" ">
    <subfield code="8">2501479</subfield>
    <subfield code="s">11116645</subfield>
    <subfield code="u">http://cds.cern.ch/record/2884469/files/2311.16150.pdf</subfield>
    <subfield code="y">Fulltext</subfield>
  </datafield>
  <datafield tag="856" ind1="4" ind2=" ">
    <subfield code="8">2501480</subfield>
    <subfield code="s">16221</subfield>
    <subfield code="u">http://cds.cern.ch/record/2884469/files/Figure3_sec3.3_simulation-gem_2column.png</subfield>
    <subfield code="y">00002 Cross-sectional view of the final MR-ToF MS geometry implementation in SIMION\textsuperscript{\textregistered} including all relevant dimensions. The distance between each electrode is $\SI{5}{\milli\meter}$. Due to mirror symmetry, only one half of the device is shown. For design reasons, the inner diameter of the mirror electrodes later had to be reduced from \SI{68}{\milli\meter} to \SI{62}{\milli\meter}.</subfield>
  </datafield>
  <datafield tag="856" ind1="4" ind2=" ">
    <subfield code="8">2501481</subfield>
    <subfield code="s">35142</subfield>
    <subfield code="u">http://cds.cern.ch/record/2884469/files/Figure8_sec5_Ar-N-vs-ToF-scan_1column.png</subfield>
    <subfield code="y">00007 Ion intensity of $^{40}$Ar$^+$ ions measured as a function of the ToF after the ejection from the MR-ToF MS $\tau$ and the number of revolutions $N$ for which the ions are trapped in the MR-ToF MS for (top). Evolution of the mass resolving power as a function of $N$ (bottom).</subfield>
  </datafield>
  <datafield tag="856" ind1="4" ind2=" ">
    <subfield code="8">2501482</subfield>
    <subfield code="s">31948</subfield>
    <subfield code="u">http://cds.cern.ch/record/2884469/files/Figure2_sec3.2_len-dia-comparison_1column.png</subfield>
    <subfield code="y">00001 Relative solution space found in the MC simulations as a function of the mirror electrode inner diameter and length. For more details see the text.</subfield>
  </datafield>
  <datafield tag="856" ind1="4" ind2=" ">
    <subfield code="8">2501483</subfield>
    <subfield code="s">876782</subfield>
    <subfield code="u">http://cds.cern.ch/record/2884469/files/Figure7_sec4.1_sub-assemblies_2column.png</subfield>
    <subfield code="y">00006 CAD representation of the individual electrode modules in cross-section view. The innermost electrode stack (a) includes a support for the drift tube and an in-trap deflector electrode for mass-selective ion deflection. Formed by a shielding electrode and six mirror electrodes, the electrostatic mirror (b) creates the trapping potential. At the injection and ejection sides, respectively, an einzel lens and an ion steerer allow for ion-beam adjustments (c). Both arms of the MR-ToF mass spectrometer are arranged with mirror symmetry.</subfield>
  </datafield>
  <datafield tag="856" ind1="4" ind2=" ">
    <subfield code="8">2501484</subfield>
    <subfield code="s">80095</subfield>
    <subfield code="u">http://cds.cern.ch/record/2884469/files/Figure9_sec5_Xe-N-vs-ToF-scans_2column.png</subfield>
    <subfield code="y">00008 Ion intensity of Xe$^+$ ions measured as a function of the ToF after the ejection from the MR-ToF MS $\tau$ and the number of revolutions $N$ for which the ions are trapped in the MR-ToF MS for. All three plots show the same measurement, where once the deflector is switched off (left), once the deflector is switched on and synchronised to A=132 (centre) and once synchronised to A=131 (right). In case of the right plot, the capture time is shifted by $\SI{2}{\micro\second}$ to keep the $^{132}$Xe$^+$ ions in the lift for a larger number of revolutions.</subfield>
  </datafield>
  <datafield tag="856" ind1="4" ind2=" ">
    <subfield code="8">2501485</subfield>
    <subfield code="s">446269</subfield>
    <subfield code="u">http://cds.cern.ch/record/2884469/files/Figure5_sec3.4_potential-space_2column.png</subfield>
    <subfield code="y">00004 Potential space obtained from the MC simulation described in Sec. \ref{Sec:simulation-method} for the final MR-ToF MS geometry. The spot size indicates the final bunch width of simulated ion bunch and the colour its penetration depth into the electrostatic mirror volume, which has a total length of $\SI{199}{\milli\meter}$.</subfield>
  </datafield>
  <datafield tag="960" ind1=" " ind2=" ">
    <subfield code="a">13</subfield>
  </datafield>
  <datafield tag="980" ind1=" " ind2=" ">
    <subfield code="a">ARTICLE</subfield>
  </datafield>
</record>