
<record>
  <controlfield tag="001">2883672</controlfield>
  <controlfield tag="005">20240219185316.0</controlfield>
  <datafield tag="024" ind1="7" ind2=" ">
    <subfield code="2">DOI</subfield>
    <subfield code="9">APS</subfield>
    <subfield code="a">10.1103/PhysRevD.108.123002</subfield>
    <subfield code="q">publication</subfield>
  </datafield>
  <datafield tag="024" ind1="8" ind2=" ">
    <subfield code="a">oai:cds.cern.ch:2883672</subfield>
    <subfield code="p">cerncds:FULLTEXT</subfield>
    <subfield code="p">cerncds:CERN:FULLTEXT</subfield>
    <subfield code="p">cerncds:CERN</subfield>
  </datafield>
  <datafield tag="035" ind1=" " ind2=" ">
    <subfield code="9">arXiv</subfield>
    <subfield code="a">oai:arXiv.org:2308.15522</subfield>
  </datafield>
  <datafield tag="035" ind1=" " ind2=" ">
    <subfield code="9">Inspire</subfield>
    <subfield code="a">oai:inspirehep.net:2691927</subfield>
    <subfield code="d">2023-12-26T16:28:53Z</subfield>
    <subfield code="h">2023-12-27T03:00:02Z</subfield>
    <subfield code="m">marcxml</subfield>
    <subfield code="t">true</subfield>
    <subfield code="u">https://inspirehep.net/api/oai2d</subfield>
  </datafield>
  <datafield tag="035" ind1=" " ind2=" ">
    <subfield code="9">Inspire</subfield>
    <subfield code="a">2691927</subfield>
  </datafield>
  <datafield tag="037" ind1=" " ind2=" ">
    <subfield code="9">arXiv</subfield>
    <subfield code="a">arXiv:2308.15522</subfield>
    <subfield code="c">hep-ph</subfield>
  </datafield>
  <datafield tag="037" ind1=" " ind2=" ">
    <subfield code="9">arXiv:reportnumber</subfield>
    <subfield code="a">IPMU23-0028</subfield>
  </datafield>
  <datafield tag="037" ind1=" " ind2=" ">
    <subfield code="9">arXiv:reportnumber</subfield>
    <subfield code="a">IPPP/23/48</subfield>
  </datafield>
  <datafield tag="041" ind1=" " ind2=" ">
    <subfield code="a">eng</subfield>
  </datafield>
  <datafield tag="100" ind1=" " ind2=" ">
    <subfield code="a">Flores, Marcos M.</subfield>
    <subfield code="u">UCLA</subfield>
    <subfield code="v">Department of Physics and Astronomy, University of California, Los Angeles, Los Angeles, California 90095-1547, USA</subfield>
  </datafield>
  <datafield tag="245" ind1=" " ind2=" ">
    <subfield code="9">APS</subfield>
    <subfield code="a">Testing high scale supersymmetry via second order gravitational waves</subfield>
  </datafield>
  <datafield tag="260" ind1=" " ind2=" ">
    <subfield code="c">2023-12-04</subfield>
  </datafield>
  <datafield tag="269" ind1=" " ind2=" ">
    <subfield code="c">2023-08-29</subfield>
  </datafield>
  <datafield tag="300" ind1=" " ind2=" ">
    <subfield code="a">9 p</subfield>
  </datafield>
  <datafield tag="500" ind1=" " ind2=" ">
    <subfield code="9">arXiv</subfield>
    <subfield code="a">9 pages, 3 figures</subfield>
  </datafield>
  <datafield tag="520" ind1=" " ind2=" ">
    <subfield code="9">APS</subfield>
    <subfield code="a">Supersymmetry predicts multiple flat directions, some of which carry a net baryon or lepton number. Condensates in such directions form during inflation and later fragment into &lt;math display="inline">&lt;mrow>&lt;mi>Q&lt;/mi>&lt;/mrow>&lt;/math> balls, which can become the building blocks of primordial black holes. Thus, supersymmetry can create conditions for an intermediate matter-dominated era with black holes dominating the energy density of the Universe. Unlike particle matter, black holes decay suddenly enough to result in an observable gravitational wave signal via the poltergeist mechanism. We investigate the gravitational wave signatures of supersymmetry realized at energy scales that might not be accessible to present-day colliders.</subfield>
  </datafield>
  <datafield tag="520" ind1=" " ind2=" ">
    <subfield code="9">arXiv</subfield>
    <subfield code="a">Supersymmetry predicts multiple flat directions, some of which carry a net baryon or lepton number. Condensates in such directions form during inflation and later fragment into Q-balls, which can become the building blocks of primordial black holes. Thus supersymmetry can create conditions for an intermediate matter-dominated era with black holes dominating the energy density of the universe. Unlike particle matter, black holes decay suddenly enough to result in an observable gravitational wave signal via the poltergeist mechanism. We investigate the gravitational waves signatures of supersymmetry realized at energy scales that might not be accessible to present-day colliders.</subfield>
  </datafield>
  <datafield tag="540" ind1=" " ind2=" ">
    <subfield code="3">publication</subfield>
    <subfield code="a">CC BY 4.0</subfield>
    <subfield code="f">SCOAP3</subfield>
    <subfield code="u">https://creativecommons.org/licenses/by/4.0/</subfield>
  </datafield>
  <datafield tag="540" ind1=" " ind2=" ">
    <subfield code="3">preprint</subfield>
    <subfield code="a">CC BY 4.0</subfield>
    <subfield code="u">http://creativecommons.org/licenses/by/4.0/</subfield>
  </datafield>
  <datafield tag="541" ind1=" " ind2=" ">
    <subfield code="a">APS</subfield>
    <subfield code="c">hepcrawl</subfield>
    <subfield code="d">2023-12-07T15:36:10.471248</subfield>
    <subfield code="e">6538437</subfield>
  </datafield>
  <datafield tag="542" ind1=" " ind2=" ">
    <subfield code="3">publication</subfield>
    <subfield code="d">authors</subfield>
    <subfield code="g">2023</subfield>
  </datafield>
  <datafield tag="595" ind1=" " ind2="D">
    <subfield code="a">3</subfield>
    <subfield code="d">2023-09-07</subfield>
    <subfield code="s">abs</subfield>
  </datafield>
  <datafield tag="595" ind1=" " ind2="D">
    <subfield code="a">3</subfield>
    <subfield code="d">2023-09-12</subfield>
    <subfield code="s">printed</subfield>
  </datafield>
  <datafield tag="650" ind1="1" ind2="7">
    <subfield code="2">arXiv</subfield>
    <subfield code="a">astro-ph.CO</subfield>
  </datafield>
  <datafield tag="650" ind1="1" ind2="7">
    <subfield code="2">SzGeCERN</subfield>
    <subfield code="a">Astrophysics and Astronomy</subfield>
  </datafield>
  <datafield tag="650" ind1="1" ind2="7">
    <subfield code="2">arXiv</subfield>
    <subfield code="a">hep-ph</subfield>
  </datafield>
  <datafield tag="650" ind1="1" ind2="7">
    <subfield code="2">SzGeCERN</subfield>
    <subfield code="a">Particle Physics - Phenomenology</subfield>
  </datafield>
  <datafield tag="690" ind1="C" ind2=" ">
    <subfield code="a">CERN</subfield>
  </datafield>
  <datafield tag="690" ind1="C" ind2=" ">
    <subfield code="a">ARTICLE</subfield>
  </datafield>
  <datafield tag="700" ind1=" " ind2=" ">
    <subfield code="a">Kusenko, Alexander</subfield>
    <subfield code="u">UCLA</subfield>
    <subfield code="u">CERN</subfield>
    <subfield code="u">Tokyo U., IPMU</subfield>
    <subfield code="v">Department of Physics and Astronomy, University of California, Los Angeles, Los Angeles, California 90095-1547, USA</subfield>
    <subfield code="v">Theoretical Physics Department, CERN, 1211 Geneva 23, Switzerland</subfield>
    <subfield code="v">Kavli Institute for the Physics and Mathematics of the Universe (WPI), UTIAS, The University of Tokyo, Kashiwa, Chiba 277-8583, Japan</subfield>
  </datafield>
  <datafield tag="700" ind1=" " ind2=" ">
    <subfield code="a">Pearce, Lauren</subfield>
    <subfield code="u">Melbourne U.</subfield>
    <subfield code="v">Pennsylvania State University-New Kensington, New Kensington, Pennsylvania 15068, USA</subfield>
  </datafield>
  <datafield tag="700" ind1=" " ind2=" ">
    <subfield code="a">Perez-Gonzalez, Yuber F.</subfield>
    <subfield code="j">ORCID:0000-0002-2020-7223</subfield>
    <subfield code="u">Durham U., IPPP</subfield>
    <subfield code="v">Institute for Particle Physics Phenomenology, Durham University, South Road, Durham DH1 3LE, United Kingdom</subfield>
  </datafield>
  <datafield tag="700" ind1=" " ind2=" ">
    <subfield code="a">White, Graham</subfield>
    <subfield code="u">Southampton U.</subfield>
    <subfield code="v">School of Physics and Astronomy, University of Southampton, Southampton SO17 1BJ, United Kingdom</subfield>
  </datafield>
  <datafield tag="773" ind1=" " ind2=" ">
    <subfield code="c">123002</subfield>
    <subfield code="m">publication</subfield>
    <subfield code="n">12</subfield>
    <subfield code="p">Phys. Rev. D</subfield>
    <subfield code="v">108</subfield>
    <subfield code="y">2023</subfield>
  </datafield>
  <datafield tag="856" ind1="4" ind2=" ">
    <subfield code="8">2499298</subfield>
    <subfield code="s">18098</subfield>
    <subfield code="u">http://cds.cern.ch/record/2883672/files/time_scales.png</subfield>
    <subfield code="y">00000 Overview of timeline in our scenario.</subfield>
  </datafield>
  <datafield tag="856" ind1="4" ind2=" ">
    <subfield code="8">2499299</subfield>
    <subfield code="s">1409941</subfield>
    <subfield code="u">http://cds.cern.ch/record/2883672/files/2308.15522.pdf</subfield>
    <subfield code="y">Fulltext</subfield>
  </datafield>
  <datafield tag="856" ind1="4" ind2=" ">
    <subfield code="8">2499300</subfield>
    <subfield code="s">47330</subfield>
    <subfield code="u">http://cds.cern.ch/record/2883672/files/par_space_v4.png</subfield>
    <subfield code="y">00001 (Left) Ratio of the conformal time at evaporation $\eta_{\rm eq, 2}$ to that at PBH-radiation equality $\eta_{\rm eq, 1}$ for the parameter space spanned by the initial PBH fraction $\beta$ and the scale $\Lambda$. The shaded regions are constrained by different requirements (see text), and the hatched region corresponds to the non-linear regime for the GW generation in the poltergeist mechanism. (Right) Sensitivity to the same parameter space from future GW observatories, THEIA (green), $\mu$-ARES (light blue), LISA (pink), DECIGO (darker orange), BBO (purple). The blue star indicates the benchmark chosen for Fig.~\ref{fig:GWs}.</subfield>
  </datafield>
  <datafield tag="856" ind1="4" ind2=" ">
    <subfield code="8">2499301</subfield>
    <subfield code="s">579082</subfield>
    <subfield code="u">http://cds.cern.ch/record/2883672/files/Publication.pdf</subfield>
    <subfield code="y">Fulltext</subfield>
  </datafield>
  <datafield tag="856" ind1="4" ind2=" ">
    <subfield code="8">2499302</subfield>
    <subfield code="s">24060</subfield>
    <subfield code="u">http://cds.cern.ch/record/2883672/files/GW_spectrum.png</subfield>
    <subfield code="y">00002 (Left) PBH (purple) and radiation (green) energy densities normalized to the total as function of the scale factor for benchmark parameters of $\Lambda = 5.25\times 10^{13}~{\rm GeV}$ for the SUSY breaking scale, $\beta = 5\times 10^{-5}$ for the initial PBH fraction. (Right) GW spectrum for the same benchmark (full black) as function of the frequency, together with sensitivity regions for THEIA (green), $\mu$-ARES (light blue), LISA (light red), BBO (light purple), and DECIGO (light orange).</subfield>
  </datafield>
  <datafield tag="960" ind1=" " ind2=" ">
    <subfield code="a">13</subfield>
  </datafield>
  <datafield tag="980" ind1=" " ind2=" ">
    <subfield code="a">ARTICLE</subfield>
  </datafield>
</record>