
<record>
  <controlfield tag="001">2882429</controlfield>
  <controlfield tag="005">20240219191126.0</controlfield>
  <datafield tag="024" ind1="7" ind2=" ">
    <subfield code="2">DOI</subfield>
    <subfield code="9">SciPost Fundation</subfield>
    <subfield code="a">10.21468/SciPostPhys.15.4.177</subfield>
  </datafield>
  <datafield tag="024" ind1="8" ind2=" ">
    <subfield code="a">oai:cds.cern.ch:2882429</subfield>
    <subfield code="p">cerncds:FULLTEXT</subfield>
    <subfield code="p">cerncds:CERN:FULLTEXT</subfield>
    <subfield code="p">cerncds:CERN</subfield>
  </datafield>
  <datafield tag="035" ind1=" " ind2=" ">
    <subfield code="9">arXiv</subfield>
    <subfield code="a">oai:arXiv.org:2212.11918</subfield>
  </datafield>
  <datafield tag="035" ind1=" " ind2=" ">
    <subfield code="a">oai:inspirehep.net:2617479</subfield>
    <subfield code="u">https://inspirehep.net/api/oai2d</subfield>
    <subfield code="9">Inspire</subfield>
    <subfield code="d">2023-11-29T20:09:58Z</subfield>
    <subfield code="h">2023-11-30T03:00:20Z</subfield>
    <subfield code="m">marcxml</subfield>
    <subfield code="t">true</subfield>
  </datafield>
  <datafield tag="035" ind1=" " ind2=" ">
    <subfield code="9">Inspire</subfield>
    <subfield code="a">2617479</subfield>
  </datafield>
  <datafield tag="037" ind1=" " ind2=" ">
    <subfield code="9">arXiv</subfield>
    <subfield code="a">arXiv:2212.11918</subfield>
    <subfield code="c">hep-ph</subfield>
  </datafield>
  <datafield tag="037" ind1=" " ind2=" ">
    <subfield code="9">arXiv:reportnumber</subfield>
    <subfield code="a">ULB-TH/22-28</subfield>
  </datafield>
  <datafield tag="041" ind1=" " ind2=" ">
    <subfield code="a">eng</subfield>
  </datafield>
  <datafield tag="100" ind1=" " ind2=" ">
    <subfield code="a">Frigerio, Michele</subfield>
    <subfield code="u">U. Montpellier, L2C</subfield>
    <subfield code="v">Laboratoire Charles Coulomb [L2C]</subfield>
  </datafield>
  <datafield tag="245" ind1=" " ind2=" ">
    <subfield code="9">SciPost Fundation</subfield>
    <subfield code="a">Dark matter from the centre of SU(N)</subfield>
  </datafield>
  <datafield tag="260" ind1=" " ind2=" ">
    <subfield code="c">2023-10-25</subfield>
  </datafield>
  <datafield tag="269" ind1=" " ind2=" ">
    <subfield code="c">2022-12-22</subfield>
  </datafield>
  <datafield tag="300" ind1=" " ind2=" ">
    <subfield code="a">31 p</subfield>
  </datafield>
  <datafield tag="520" ind1=" " ind2=" ">
    <subfield code="9">SciPost Fundation</subfield>
    <subfield code="a">A dark sector with non-abelian gauge symmetry provides a sound framework to justify stable dark matter (DM) candidates. We consider scalar fields charged under a $SU(N)$ gauge group, and show that the centre of $SU(N)$, the discrete subgroup $Z_N$ also known as $N$-ality, can ensure the stability of scalar DM particles. We analyse in some details two minimal DM models of this class, based on $SU(2)$ and $SU(3)$, respectively. These models have non-trivial patterns of spontaneous symmetry breaking, leading to distinctive phenomenological implications. For the $SU(2)$ model these include a specific interplay of two DM states, with the same interactions but different masses, and several complementary DM annihilation regimes, either within the dark sector or through the Higgs portal. The $SU(3)$ model predicts dark radiation made of a pair of dark photons with a unique gauge coupling, as well as regimes where DM semi-annihilations become dominant and testable.</subfield>
  </datafield>
  <datafield tag="520" ind1=" " ind2=" ">
    <subfield code="9">arXiv</subfield>
    <subfield code="a">A dark sector with non-abelian gauge symmetry provides a sound framework to justify stable dark matter (DM) candidates. We consider scalar fields charged under a $SU(N)$ gauge group, and show that the centre of $SU(N)$, the discrete subgroup $Z_N$ also known as $N$-ality, can ensure the stability of scalar DM particles. We analyse in some details two minimal DM models of this class, based on $SU(2)$ and $SU(3)$, respectively. These models have non-trivial patterns of spontaneous symmetry breaking, leading to distinctive phenomenological implications. For the $SU(2)$ model these include a specific interplay of two DM states, with the same interactions but different masses, and several complementary DM annihilation regimes, either within the dark sector or through the Higgs portal. The $SU(3)$ model predicts dark radiation made of a pair of dark photons with a unique gauge coupling, as well as regimes where DM semi-annihilations become dominant and testable.</subfield>
  </datafield>
  <datafield tag="540" ind1=" " ind2=" ">
    <subfield code="3">publication</subfield>
    <subfield code="a">CC-BY-4.0</subfield>
    <subfield code="b">SciPost Fundation</subfield>
    <subfield code="u">https://creativecommons.org/licenses/by/4.0/</subfield>
    <subfield code="f">Collective</subfield>
  </datafield>
  <datafield tag="540" ind1=" " ind2=" ">
    <subfield code="3">preprint</subfield>
    <subfield code="a">arXiv nonexclusive-distrib 1.0</subfield>
    <subfield code="u">http://arxiv.org/licenses/nonexclusive-distrib/1.0/</subfield>
  </datafield>
  <datafield tag="541" ind1=" " ind2=" ">
    <subfield code="a">desy</subfield>
    <subfield code="c">hepcrawl</subfield>
    <subfield code="d">2023-11-18T10:30:38.163095</subfield>
    <subfield code="e">6450132</subfield>
  </datafield>
  <datafield tag="542" ind1=" " ind2=" ">
    <subfield code="d">The authors</subfield>
    <subfield code="3">publication</subfield>
    <subfield code="g">2023</subfield>
  </datafield>
  <datafield tag="595" ind1=" " ind2=" ">
    <subfield code="c">CDS</subfield>
  </datafield>
  <datafield tag="595" ind1=" " ind2=" ">
    <subfield code="c">HAL</subfield>
  </datafield>
  <datafield tag="595" ind1=" " ind2="D">
    <subfield code="a">8</subfield>
    <subfield code="d">2022-12-29</subfield>
    <subfield code="s">abs</subfield>
  </datafield>
  <datafield tag="595" ind1=" " ind2="D">
    <subfield code="a">3</subfield>
    <subfield code="d">2023-01-11</subfield>
    <subfield code="s">abs</subfield>
  </datafield>
  <datafield tag="595" ind1=" " ind2="D">
    <subfield code="a">3</subfield>
    <subfield code="d">2023-01-16</subfield>
    <subfield code="s">printed</subfield>
  </datafield>
  <datafield tag="650" ind1="1" ind2="7">
    <subfield code="a">hep-ph</subfield>
    <subfield code="2">arXiv</subfield>
  </datafield>
  <datafield tag="650" ind1="1" ind2="7">
    <subfield code="a">Particle Physics - Phenomenology</subfield>
    <subfield code="2">SzGeCERN</subfield>
  </datafield>
  <datafield tag="690" ind1="C" ind2=" ">
    <subfield code="a">CERN</subfield>
  </datafield>
  <datafield tag="690" ind1="C" ind2=" ">
    <subfield code="a">ARTICLE</subfield>
  </datafield>
  <datafield tag="700" ind1=" " ind2=" ">
    <subfield code="a">Grimbaum-Yamamoto, Nicolas</subfield>
    <subfield code="u">Brussels U.</subfield>
    <subfield code="v">Université Libre de Bruxelles [ULB]</subfield>
  </datafield>
  <datafield tag="700" ind1=" " ind2=" ">
    <subfield code="a">Hambye, Thomas</subfield>
    <subfield code="u">Brussels U.</subfield>
    <subfield code="u">CERN</subfield>
    <subfield code="v">Université Libre de Bruxelles [ULB]</subfield>
    <subfield code="v">Organisation européenne pour la recherche nucléaire / European Organization for Nuclear Research [CERN]</subfield>
  </datafield>
  <datafield tag="773" ind1=" " ind2=" ">
    <subfield code="c">177</subfield>
    <subfield code="n">4</subfield>
    <subfield code="y">2023</subfield>
    <subfield code="p">SciPost Phys.</subfield>
    <subfield code="v">15</subfield>
  </datafield>
  <datafield tag="856" ind1="4" ind2=" ">
    <subfield code="8">2496636</subfield>
    <subfield code="s">440847</subfield>
    <subfield code="u">http://cds.cern.ch/record/2882429/files/pure_gaugeNew.png</subfield>
    <subfield code="y">00001 Values of $\alpha_D$ leading to the observed DM relic density, in the dark photon annihilation regime, as a function of $m_{\chi_-}$, for various values of the ratio $m_{\chi_+}/m_{\chi_-}$. The regions forbidden by the unitarity,  extra radiation, and ellipticity constraints are also shown, see text.</subfield>
  </datafield>
  <datafield tag="856" ind1="4" ind2=" ">
    <subfield code="8">2496637</subfield>
    <subfield code="s">2700786</subfield>
    <subfield code="u">http://cds.cern.ch/record/2882429/files/Publication.pdf</subfield>
    <subfield code="y">Fulltext</subfield>
  </datafield>
  <datafield tag="856" ind1="4" ind2=" ">
    <subfield code="8">2496638</subfield>
    <subfield code="s">420391</subfield>
    <subfield code="u">http://cds.cern.ch/record/2882429/files/higgs-10.png</subfield>
    <subfield code="y">00006 Constraints holding on the DM annihilation through the Higgs portal, for three values of the mass ratio $m_{\chi_+}/m_{\chi_-}=1$ (upper panel), $10$ (lower left), and $100$ (lower right): Higgs-boson invisible width \cite{ATLAS:2022vkf} (excluding the dark blue shaded region), DM direct detection \cite{XENON:2018voc, LZ:2022ufs} (light and dark brown, for Xenon and LZ respectively), perturbativity (purple), and $\Delta N_{eff}$ (green), see text. In each panel, the solid curve (already shown in Fig.~\ref{fig:HiggsportalOmega}) indicates the values of $\lambda_{\chi H}$ which reproduce the observed DM relic density. For the sake of comparison we also show the coupling needed when DM is an SM-singlet real scalar (solid grey line) and the corresponding direct detection constraint \cite{LZ:2022ufs} (dashed grey line).</subfield>
  </datafield>
  <datafield tag="856" ind1="4" ind2=" ">
    <subfield code="8">2496639</subfield>
    <subfield code="s">168897</subfield>
    <subfield code="u">http://cds.cern.ch/record/2882429/files/semi-annihilation_en.png</subfield>
    <subfield code="y">00009 Left panel: Values of the trilinear coupling $\kappa$ leading to the observed DM relic density, in the regime where the semi-annihilations $\chi\chi\to\chi^*h$ are dominant, as a function of $m_\chi$ and for different values of the $h-\rho$ mixing angle $\theta_m$. Right panel: The solid (dotted, dashed) curves show the energy of the $\chi$ (blue) and $X$ (green) monochromatic lines as a function of $m_\chi$, for $X=h$ with $m_h=125$ GeV ($X=A_D$ with $m_{A_D}=0$, $X=\rho$ with $m_\rho= 1$ TeV).</subfield>
  </datafield>
  <datafield tag="856" ind1="4" ind2=" ">
    <subfield code="8">2496640</subfield>
    <subfield code="s">2987219</subfield>
    <subfield code="u">http://cds.cern.ch/record/2882429/files/2212.11918.pdf</subfield>
    <subfield code="y">Fulltext</subfield>
  </datafield>
  <datafield tag="856" ind1="4" ind2=" ">
    <subfield code="8">2496641</subfield>
    <subfield code="s">222139</subfield>
    <subfield code="u">http://cds.cern.ch/record/2882429/files/higgs_portal.png</subfield>
    <subfield code="y">00004 The DM relic density in the Higgs portal regime. The left panel shows the values of $\Omega_{\chi_{\pm}}/\Omega_{DM}$, for $m_{\chi_+}/m_{\chi_-}=10$ (purple) and for $m_{\chi_+}/m_{\chi_-}=1$ (orange). The right panel shows the values of the Higgs portal coupling $\lambda_{\chi H}$ leading to the observed DM relic density, as a function of $m_{\chi_-}$, for various values of the ratio $m_{\chi_+}/m_{\chi_-}$. We shaded the region where the DM relic density is too large, independently of the mass ratio. For the sake of comparison we also show the coupling needed when DM is an SM-singlet real scalar.</subfield>
  </datafield>
  <datafield tag="856" ind1="4" ind2=" ">
    <subfield code="8">2496642</subfield>
    <subfield code="s">113731</subfield>
    <subfield code="u">http://cds.cern.ch/record/2882429/files/OmegaRatiof10_HiggsPortal.png</subfield>
    <subfield code="y">00003 The DM relic density in the Higgs portal regime. The left panel shows the values of $\Omega_{\chi_{\pm}}/\Omega_{DM}$, for $m_{\chi_+}/m_{\chi_-}=10$ (purple) and for $m_{\chi_+}/m_{\chi_-}=1$ (orange). The right panel shows the values of the Higgs portal coupling $\lambda_{\chi H}$ leading to the observed DM relic density, as a function of $m_{\chi_-}$, for various values of the ratio $m_{\chi_+}/m_{\chi_-}$. We shaded the region where the DM relic density is too large, independently of the mass ratio. For the sake of comparison we also show the coupling needed when DM is an SM-singlet real scalar.</subfield>
  </datafield>
  <datafield tag="856" ind1="4" ind2=" ">
    <subfield code="8">2496643</subfield>
    <subfield code="s">187327</subfield>
    <subfield code="u">http://cds.cern.ch/record/2882429/files/semi-annihilation.png</subfield>
    <subfield code="y">00008 Left panel: Values of the trilinear coupling $\kappa$ leading to the observed DM relic density, in the regime where the semi-annihilations $\chi\chi\to\chi^*h$ are dominant, as a function of $m_\chi$ and for different values of the $h-\rho$ mixing angle $\theta_m$. Right panel: The solid (dotted, dashed) curves show the energy of the $\chi$ (blue) and $X$ (green) monochromatic lines as a function of $m_\chi$, for $X=h$ with $m_h=125$ GeV ($X=A_D$ with $m_{A_D}=0$, $X=\rho$ with $m_\rho= 1$ TeV).</subfield>
  </datafield>
  <datafield tag="856" ind1="4" ind2=" ">
    <subfield code="8">2496644</subfield>
    <subfield code="s">429795</subfield>
    <subfield code="u">http://cds.cern.ch/record/2882429/files/higgs-1.png</subfield>
    <subfield code="y">00005 Constraints holding on the DM annihilation through the Higgs portal, for three values of the mass ratio $m_{\chi_+}/m_{\chi_-}=1$ (upper panel), $10$ (lower left), and $100$ (lower right): Higgs-boson invisible width \cite{ATLAS:2022vkf} (excluding the dark blue shaded region), DM direct detection \cite{XENON:2018voc, LZ:2022ufs} (light and dark brown, for Xenon and LZ respectively), perturbativity (purple), and $\Delta N_{eff}$ (green), see text. In each panel, the solid curve (already shown in Fig.~\ref{fig:HiggsportalOmega}) indicates the values of $\lambda_{\chi H}$ which reproduce the observed DM relic density. For the sake of comparison we also show the coupling needed when DM is an SM-singlet real scalar (solid grey line) and the corresponding direct detection constraint \cite{LZ:2022ufs} (dashed grey line).</subfield>
  </datafield>
  <datafield tag="856" ind1="4" ind2=" ">
    <subfield code="8">2496645</subfield>
    <subfield code="s">226267</subfield>
    <subfield code="u">http://cds.cern.ch/record/2882429/files/rho_plus.png</subfield>
    <subfield code="y">00002 Values of $\lambda_{\chi \Phi} v_D/m_{\chi^+}$ leading to the observed DM relic density in the annihilation into $\rho$ regime, as a function of $m_{\chi_-}$, for various values of the ratio $m_{\chi_+}/m_{\chi_-}$. The regions forbidden by the unitarity and extra radiation constraints are also shown.</subfield>
  </datafield>
  <datafield tag="856" ind1="4" ind2=" ">
    <subfield code="8">2496646</subfield>
    <subfield code="s">373673</subfield>
    <subfield code="u">http://cds.cern.ch/record/2882429/files/higgs-100.png</subfield>
    <subfield code="y">00007 Constraints holding on the DM annihilation through the Higgs portal, for three values of the mass ratio $m_{\chi_+}/m_{\chi_-}=1$ (upper panel), $10$ (lower left), and $100$ (lower right): Higgs-boson invisible width \cite{ATLAS:2022vkf} (excluding the dark blue shaded region), DM direct detection \cite{XENON:2018voc, LZ:2022ufs} (light and dark brown, for Xenon and LZ respectively), perturbativity (purple), and $\Delta N_{eff}$ (green), see text. In each panel, the solid curve (already shown in Fig.~\ref{fig:HiggsportalOmega}) indicates the values of $\lambda_{\chi H}$ which reproduce the observed DM relic density. For the sake of comparison we also show the coupling needed when DM is an SM-singlet real scalar (solid grey line) and the corresponding direct detection constraint \cite{LZ:2022ufs} (dashed grey line).</subfield>
  </datafield>
  <datafield tag="856" ind1="4" ind2=" ">
    <subfield code="8">2496647</subfield>
    <subfield code="s">441695</subfield>
    <subfield code="u">http://cds.cern.ch/record/2882429/files/feynmandiagrams.png</subfield>
    <subfield code="y">00000 Annihilation processes for the DM candidates $\chi_\pm$ in the $SU(2)_D$ model.</subfield>
  </datafield>
  <datafield tag="960" ind1=" " ind2=" ">
    <subfield code="a">13</subfield>
  </datafield>
  <datafield tag="980" ind1=" " ind2=" ">
    <subfield code="a">ARTICLE</subfield>
  </datafield>
</record>