
<record>
  <controlfield tag="001">2882335</controlfield>
  <controlfield tag="005">20231129042740.0</controlfield>
  <datafield tag="024" ind1="7" ind2=" ">
    <subfield code="2">DOI</subfield>
    <subfield code="9">AIP</subfield>
    <subfield code="a">10.1063/5.0167262</subfield>
  </datafield>
  <datafield tag="024" ind1="8" ind2=" ">
    <subfield code="a">oai:cds.cern.ch:2882335</subfield>
    <subfield code="p">cerncds:FULLTEXT</subfield>
    <subfield code="p">cerncds:CERN:FULLTEXT</subfield>
    <subfield code="p">cerncds:CERN</subfield>
  </datafield>
  <datafield tag="035" ind1=" " ind2=" ">
    <subfield code="9">arXiv</subfield>
    <subfield code="a">oai:arXiv.org:2308.12873</subfield>
  </datafield>
  <datafield tag="035" ind1=" " ind2=" ">
    <subfield code="a">oai:inspirehep.net:2690769</subfield>
    <subfield code="u">https://inspirehep.net/api/oai2d</subfield>
    <subfield code="9">Inspire</subfield>
    <subfield code="d">2023-11-28T20:08:20Z</subfield>
    <subfield code="h">2023-11-29T03:00:13Z</subfield>
    <subfield code="m">marcxml</subfield>
    <subfield code="t">true</subfield>
  </datafield>
  <datafield tag="035" ind1=" " ind2=" ">
    <subfield code="9">Inspire</subfield>
    <subfield code="a">2690769</subfield>
  </datafield>
  <datafield tag="037" ind1=" " ind2=" ">
    <subfield code="9">arXiv</subfield>
    <subfield code="a">arXiv:2308.12873</subfield>
    <subfield code="c">physics.ins-det</subfield>
  </datafield>
  <datafield tag="041" ind1=" " ind2=" ">
    <subfield code="a">eng</subfield>
  </datafield>
  <datafield tag="100" ind1=" " ind2=" ">
    <subfield code="a">Latacz, B.M.</subfield>
    <subfield code="j">ORCID:0000-0003-2320-1713</subfield>
    <subfield code="u">CERN</subfield>
    <subfield code="u">RIKEN (main)</subfield>
    <subfield code="v">CERN, Esplanade des Particules 1, 1217 Meyrin, Switzerland</subfield>
    <subfield code="v">RIKEN, Ulmer Fundamental Symmetries Laboratory, 2-1 Hirosawa, Wako, Saitama 351-0198, Japan</subfield>
  </datafield>
  <datafield tag="245" ind1=" " ind2=" ">
    <subfield code="9">AIP</subfield>
    <subfield code="a">Ultra-thin polymer foil cryogenic window for antiproton deceleration and storage</subfield>
  </datafield>
  <datafield tag="260" ind1=" " ind2=" ">
    <subfield code="c">2023-10-01</subfield>
  </datafield>
  <datafield tag="269" ind1=" " ind2=" ">
    <subfield code="c">2023-08-24</subfield>
  </datafield>
  <datafield tag="300" ind1=" " ind2=" ">
    <subfield code="a">11 p</subfield>
  </datafield>
  <datafield tag="520" ind1=" " ind2=" ">
    <subfield code="9">AIP</subfield>
    <subfield code="a">We present the design and characterization of a cryogenic window based on an ultra-thin aluminized biaxially oriented polyethylene terephthalate foil at T &lt; 10 K, which can withstand a pressure difference larger than 1 bar at a leak rate &lt;1×10−9 mbar l/s. Its thickness of ∼1.7 μm makes it transparent to various types of particles over a broad energy range. To optimize the transfer of 100 keV antiprotons through the window, we tested the degrading properties of different aluminum coated polymer foils of thicknesses between 900 and 2160 nm, concluding that 1760 nm foil decelerates antiprotons to an average energy of 5 keV. We have also explicitly studied the permeation as a function of coating thickness and temperature and have performed extensive thermal and mechanical endurance and stress tests. Our final design integrated into the experiment has an effective open surface consisting of seven holes with a diameter of 1 mm and will transmit up to 2.5% of the injected 100 keV antiproton beam delivered by the Antiproton Decelerator and Extra Low ENergy Antiproton ring facility of CERN.</subfield>
  </datafield>
  <datafield tag="520" ind1=" " ind2=" ">
    <subfield code="9">arXiv</subfield>
    <subfield code="a">We present the design and characterisation of a cryogenic window based on an ultra-thin aluminised PET foil at T &lt; 10K, which can withstand a pressure difference larger than 1bar at a leak rate &lt; $1\times 10^{-9}$ mbar$\cdot$ l/s. Its thickness of approximately 1.7 $\mu$m makes it transparent to various types of particles over a broad energy range. To optimise the transfer of 100keV antiprotons through the window, we tested the degrading properties of different aluminium coated PET foils of thicknesses between 900nm and 2160nm, concluding that 1760nm foil decelerates antiprotons to an average energy of 5 keV. We have also explicitly studied the permeation as a function of coating thickness and temperature, and have performed extensive thermal and mechanical endurance and stress tests. Our final design integrated into the experiment has an effective open surface consisting of 7 holes with 1 mm diameter and will transmit up to 2.5% of the injected 100keV antiproton beam delivered by the AD/ELENA-facility of CERN.</subfield>
  </datafield>
  <datafield tag="540" ind1=" " ind2=" ">
    <subfield code="3">publication</subfield>
    <subfield code="a">CC-BY-4.0</subfield>
    <subfield code="b">AIP</subfield>
    <subfield code="u">http://creativecommons.org/licenses/by/4.0/</subfield>
  </datafield>
  <datafield tag="540" ind1=" " ind2=" ">
    <subfield code="3">preprint</subfield>
    <subfield code="a">arXiv nonexclusive-distrib 1.0</subfield>
    <subfield code="u">http://arxiv.org/licenses/nonexclusive-distrib/1.0/</subfield>
  </datafield>
  <datafield tag="541" ind1=" " ind2=" ">
    <subfield code="a">desy</subfield>
    <subfield code="c">hepcrawl</subfield>
    <subfield code="d">2023-11-03T21:26:33.709366</subfield>
    <subfield code="e">6364857</subfield>
  </datafield>
  <datafield tag="542" ind1=" " ind2=" ">
    <subfield code="d">Author(s)</subfield>
    <subfield code="3">publication</subfield>
    <subfield code="g">2023</subfield>
  </datafield>
  <datafield tag="595" ind1=" " ind2=" ">
    <subfield code="a">https://pubs.aip.org/aip/rsi/article/94/10/103310/2918219/Ultra-thin-polymer-foil-cryogenic-window-for</subfield>
  </datafield>
  <datafield tag="595" ind1=" " ind2=" ">
    <subfield code="a">ARTICLES</subfield>
  </datafield>
  <datafield tag="595" ind1=" " ind2=" ">
    <subfield code="a">Equipment and Techniques for Ion Optics and Acceleration; Particle Sources and Detectors; Magnets for ion beam control; Atomic and Nuclear Physics Instrumentation</subfield>
  </datafield>
  <datafield tag="595" ind1=" " ind2=" ">
    <subfield code="a">DOKIFILE:rsi94.10_2023-11-03--0003</subfield>
  </datafield>
  <datafield tag="595" ind1=" " ind2="D">
    <subfield code="a">L</subfield>
    <subfield code="d">2023-08-31</subfield>
    <subfield code="s">abs</subfield>
  </datafield>
  <datafield tag="595" ind1=" " ind2="D">
    <subfield code="a">L</subfield>
    <subfield code="d">2023-09-03</subfield>
    <subfield code="s">printed</subfield>
  </datafield>
  <datafield tag="650" ind1="1" ind2="7">
    <subfield code="a">physics.atom-ph</subfield>
    <subfield code="2">arXiv</subfield>
  </datafield>
  <datafield tag="650" ind1="1" ind2="7">
    <subfield code="a">Other Fields of Physics</subfield>
    <subfield code="2">SzGeCERN</subfield>
  </datafield>
  <datafield tag="650" ind1="1" ind2="7">
    <subfield code="a">physics.ins-det</subfield>
    <subfield code="2">arXiv</subfield>
  </datafield>
  <datafield tag="650" ind1="1" ind2="7">
    <subfield code="a">Detectors and Experimental Techniques</subfield>
    <subfield code="2">SzGeCERN</subfield>
  </datafield>
  <datafield tag="690" ind1="C" ind2=" ">
    <subfield code="a">CERN</subfield>
  </datafield>
  <datafield tag="690" ind1="C" ind2=" ">
    <subfield code="a">ARTICLE</subfield>
  </datafield>
  <datafield tag="700" ind1=" " ind2=" ">
    <subfield code="a">Arndt, B.P.</subfield>
    <subfield code="j">ORCID:0009-0002-1061-5917</subfield>
    <subfield code="u">Heidelberg, Max Planck Inst.</subfield>
    <subfield code="u">Darmstadt, GSI</subfield>
    <subfield code="v">Max-Planck-Institut für Kernphysik, Saupfercheckweg 1, D-69117 Heidelberg, Germany</subfield>
    <subfield code="v">GSI-Helmholtzzentrum für Schwerionenforschung GmbH, Planckstraße 1, D-64291 Darmstadt, Germany</subfield>
  </datafield>
  <datafield tag="700" ind1=" " ind2=" ">
    <subfield code="a">Devlin, J.A.</subfield>
    <subfield code="j">ORCID:0000-0002-4448-5471</subfield>
    <subfield code="u">CERN</subfield>
    <subfield code="u">RIKEN (main)</subfield>
    <subfield code="v">CERN, Esplanade des Particules 1, 1217 Meyrin, Switzerland</subfield>
    <subfield code="v">RIKEN, Ulmer Fundamental Symmetries Laboratory, 2-1 Hirosawa, Wako, Saitama 351-0198, Japan</subfield>
  </datafield>
  <datafield tag="700" ind1=" " ind2=" ">
    <subfield code="a">Erlewein, S.R.</subfield>
    <subfield code="j">ORCID:0000-0002-0388-3051</subfield>
    <subfield code="u">RIKEN (main)</subfield>
    <subfield code="u">Heidelberg, Max Planck Inst.</subfield>
    <subfield code="v">RIKEN, Ulmer Fundamental Symmetries Laboratory, 2-1 Hirosawa, Wako, Saitama 351-0198, Japan</subfield>
    <subfield code="v">Max-Planck-Institut für Kernphysik, Saupfercheckweg 1, D-69117 Heidelberg, Germany</subfield>
  </datafield>
  <datafield tag="700" ind1=" " ind2=" ">
    <subfield code="a">Fleck, M.</subfield>
    <subfield code="j">ORCID:0000-0003-4114-1902</subfield>
    <subfield code="u">RIKEN (main)</subfield>
    <subfield code="u">Tokyo U., Komaba</subfield>
    <subfield code="v">RIKEN, Ulmer Fundamental Symmetries Laboratory, 2-1 Hirosawa, Wako, Saitama 351-0198, Japan</subfield>
    <subfield code="v">Graduate School of Arts and Sciences, University of Tokyo, 3-8-1 Komaba, Meguro, Tokyo 153-0041, Japan</subfield>
  </datafield>
  <datafield tag="700" ind1=" " ind2=" ">
    <subfield code="a">Jäger, J.I.</subfield>
    <subfield code="j">ORCID:0009-0006-6117-2975</subfield>
    <subfield code="u">CERN</subfield>
    <subfield code="u">RIKEN (main)</subfield>
    <subfield code="u">Heidelberg, Max Planck Inst.</subfield>
    <subfield code="v">CERN, Esplanade des Particules 1, 1217 Meyrin, Switzerland</subfield>
    <subfield code="v">RIKEN, Ulmer Fundamental Symmetries Laboratory, 2-1 Hirosawa, Wako, Saitama 351-0198, Japan</subfield>
    <subfield code="v">Max-Planck-Institut für Kernphysik, Saupfercheckweg 1, D-69117 Heidelberg, Germany</subfield>
  </datafield>
  <datafield tag="700" ind1=" " ind2=" ">
    <subfield code="a">Micke, P.</subfield>
    <subfield code="j">ORCID:0000-0001-7430-8751</subfield>
    <subfield code="u">CERN</subfield>
    <subfield code="u">RIKEN (main)</subfield>
    <subfield code="u">Heidelberg, Max Planck Inst.</subfield>
    <subfield code="v">CERN, Esplanade des Particules 1, 1217 Meyrin, Switzerland</subfield>
    <subfield code="v">RIKEN, Ulmer Fundamental Symmetries Laboratory, 2-1 Hirosawa, Wako, Saitama 351-0198, Japan</subfield>
    <subfield code="v">Max-Planck-Institut für Kernphysik, Saupfercheckweg 1, D-69117 Heidelberg, Germany</subfield>
  </datafield>
  <datafield tag="700" ind1=" " ind2=" ">
    <subfield code="a">Umbrazunas, G.</subfield>
    <subfield code="j">ORCID:0000-0001-7104-5597</subfield>
    <subfield code="u">RIKEN (main)</subfield>
    <subfield code="u">Zurich, ETH</subfield>
    <subfield code="v">RIKEN, Ulmer Fundamental Symmetries Laboratory, 2-1 Hirosawa, Wako, Saitama 351-0198, Japan</subfield>
    <subfield code="v">Eidgenössische Technische Hochschule Zürich, John-von-Neumann-Weg 9, 8093 Zürich, Switzerland</subfield>
  </datafield>
  <datafield tag="700" ind1=" " ind2=" ">
    <subfield code="a">Wursten, E.</subfield>
    <subfield code="j">ORCID:0000-0002-2413-2214</subfield>
    <subfield code="u">RIKEN (main)</subfield>
    <subfield code="v">RIKEN, Ulmer Fundamental Symmetries Laboratory, 2-1 Hirosawa, Wako, Saitama 351-0198, Japan</subfield>
  </datafield>
  <datafield tag="700" ind1=" " ind2=" ">
    <subfield code="a">Abbass, F.</subfield>
    <subfield code="u">Mainz U., Inst. Phys.</subfield>
    <subfield code="v">Institut für Physik, Johannes Gutenberg-Universität, Staudinger Weg 7, D-55099 Mainz, Germany</subfield>
  </datafield>
  <datafield tag="700" ind1=" " ind2=" ">
    <subfield code="a">Schweitzer, D.</subfield>
    <subfield code="u">Mainz U., Inst. Phys.</subfield>
    <subfield code="v">Institut für Physik, Johannes Gutenberg-Universität, Staudinger Weg 7, D-55099 Mainz, Germany</subfield>
  </datafield>
  <datafield tag="700" ind1=" " ind2=" ">
    <subfield code="a">Wiesinger, M.</subfield>
    <subfield code="j">ORCID:0000-0003-0111-8812</subfield>
    <subfield code="u">Heidelberg, Max Planck Inst.</subfield>
    <subfield code="v">Max-Planck-Institut für Kernphysik, Saupfercheckweg 1, D-69117 Heidelberg, Germany</subfield>
  </datafield>
  <datafield tag="700" ind1=" " ind2=" ">
    <subfield code="a">Will, C.</subfield>
    <subfield code="j">ORCID:0000-0003-4622-7799</subfield>
    <subfield code="u">Heidelberg, Max Planck Inst.</subfield>
    <subfield code="v">Max-Planck-Institut für Kernphysik, Saupfercheckweg 1, D-69117 Heidelberg, Germany</subfield>
  </datafield>
  <datafield tag="700" ind1=" " ind2=" ">
    <subfield code="a">Yildiz, H.</subfield>
    <subfield code="j">ORCID:0009-0009-8661-8816</subfield>
    <subfield code="u">Mainz U., Inst. Phys.</subfield>
    <subfield code="v">Institut für Physik, Johannes Gutenberg-Universität, Staudinger Weg 7, D-55099 Mainz, Germany</subfield>
  </datafield>
  <datafield tag="700" ind1=" " ind2=" ">
    <subfield code="a">Blaum, K.</subfield>
    <subfield code="j">ORCID:0000-0003-4468-9316</subfield>
    <subfield code="u">Heidelberg, Max Planck Inst.</subfield>
    <subfield code="v">Max-Planck-Institut für Kernphysik, Saupfercheckweg 1, D-69117 Heidelberg, Germany</subfield>
  </datafield>
  <datafield tag="700" ind1=" " ind2=" ">
    <subfield code="a">Matsuda, Y.</subfield>
    <subfield code="j">ORCID:0000-0002-9847-3791</subfield>
    <subfield code="u">Tokyo U., Komaba</subfield>
    <subfield code="v">Graduate School of Arts and Sciences, University of Tokyo, 3-8-1 Komaba, Meguro, Tokyo 153-0041, Japan</subfield>
  </datafield>
  <datafield tag="700" ind1=" " ind2=" ">
    <subfield code="a">Mooser, A.</subfield>
    <subfield code="j">ORCID:0000-0002-0292-5723</subfield>
    <subfield code="u">Heidelberg, Max Planck Inst.</subfield>
    <subfield code="v">Max-Planck-Institut für Kernphysik, Saupfercheckweg 1, D-69117 Heidelberg, Germany</subfield>
  </datafield>
  <datafield tag="700" ind1=" " ind2=" ">
    <subfield code="a">Ospelkaus, C.</subfield>
    <subfield code="j">ORCID:0000-0002-4170-2936</subfield>
    <subfield code="u">Leibniz U., Hannover</subfield>
    <subfield code="u">Bucharest U.</subfield>
    <subfield code="v">Institut für Quantenoptik, Leibniz Universität, Welfengarten 1, D-30167 Hannover, Germany</subfield>
    <subfield code="v">Physikalisch-Technische Bundesanstalt, Bundesallee 100, D-38116 Braunschweig, Germany</subfield>
  </datafield>
  <datafield tag="700" ind1=" " ind2=" ">
    <subfield code="a">Smorra, C.</subfield>
    <subfield code="j">ORCID:0000-0001-5584-7960</subfield>
    <subfield code="u">RIKEN (main)</subfield>
    <subfield code="u">Mainz U., Inst. Phys.</subfield>
    <subfield code="v">RIKEN, Ulmer Fundamental Symmetries Laboratory, 2-1 Hirosawa, Wako, Saitama 351-0198, Japan</subfield>
    <subfield code="v">Institut für Physik, Johannes Gutenberg-Universität, Staudinger Weg 7, D-55099 Mainz, Germany</subfield>
  </datafield>
  <datafield tag="700" ind1=" " ind2=" ">
    <subfield code="a">Sótér, A.</subfield>
    <subfield code="j">ORCID:0000-0002-3751-9944</subfield>
    <subfield code="u">Zurich, ETH</subfield>
    <subfield code="v">Eidgenössische Technische Hochschule Zürich, John-von-Neumann-Weg 9, 8093 Zürich, Switzerland</subfield>
  </datafield>
  <datafield tag="700" ind1=" " ind2=" ">
    <subfield code="a">Quint, W.</subfield>
    <subfield code="j">ORCID:0000-0003-0682-7247</subfield>
    <subfield code="u">Darmstadt, GSI</subfield>
    <subfield code="v">GSI-Helmholtzzentrum für Schwerionenforschung GmbH, Planckstraße 1, D-64291 Darmstadt, Germany</subfield>
  </datafield>
  <datafield tag="700" ind1=" " ind2=" ">
    <subfield code="a">Walz, J.</subfield>
    <subfield code="j">ORCID:0009-0001-9075-7562</subfield>
    <subfield code="u">Mainz U., Inst. Phys.</subfield>
    <subfield code="v">CERN, Esplanade des Particules 1, 1217 Meyrin, Switzerland</subfield>
    <subfield code="v">Institut für Physik, Johannes Gutenberg-Universität, Staudinger Weg 7, D-55099 Mainz, Germany</subfield>
    <subfield code="v">Helmholtz-Institut Mainz, Johannes Gutenberg-Universität, Staudingerweg 18, D-55128 Mainz, Germany</subfield>
  </datafield>
  <datafield tag="700" ind1=" " ind2=" ">
    <subfield code="a">Yamazaki, Y.</subfield>
    <subfield code="j">ORCID:0000-0001-5712-0853</subfield>
    <subfield code="u">RIKEN (main)</subfield>
    <subfield code="v">RIKEN, Ulmer Fundamental Symmetries Laboratory, 2-1 Hirosawa, Wako, Saitama 351-0198, Japan</subfield>
  </datafield>
  <datafield tag="700" ind1=" " ind2=" ">
    <subfield code="a">Ulmer, S.</subfield>
    <subfield code="j">ORCID:0000-0002-4185-4147</subfield>
    <subfield code="u">RIKEN (main)</subfield>
    <subfield code="u">Heinrich Heine U., Dusseldorf</subfield>
    <subfield code="v">CERN, Esplanade des Particules 1, 1217 Meyrin, Switzerland</subfield>
    <subfield code="v">RIKEN, Ulmer Fundamental Symmetries Laboratory, 2-1 Hirosawa, Wako, Saitama 351-0198, Japan</subfield>
  </datafield>
  <datafield tag="773" ind1=" " ind2=" ">
    <subfield code="c">103310</subfield>
    <subfield code="n">10</subfield>
    <subfield code="y">2023</subfield>
    <subfield code="p">Rev. Sci. Instrum.</subfield>
    <subfield code="v">94</subfield>
  </datafield>
  <datafield tag="856" ind1="4" ind2=" ">
    <subfield code="8">2496480</subfield>
    <subfield code="s">7759</subfield>
    <subfield code="u">http://cds.cern.ch/record/2882335/files/11.png</subfield>
    <subfield code="y">00005 Measured energy of the transmitted beam as a function of the foil thickness (red round points) compared to the simple phenomenological model presented in Section \ref{theory_simple_model} based on measured data of the stopping power of antiprotons in carbon \cite{moller2002antiproton} (blue squares) and the model presented in Ref. \onlinecite{nordlund2022large} (green triangles).</subfield>
  </datafield>
  <datafield tag="856" ind1="4" ind2=" ">
    <subfield code="8">2496481</subfield>
    <subfield code="s">26487</subfield>
    <subfield code="u">http://cds.cern.ch/record/2882335/files/10.png</subfield>
    <subfield code="y">00004 Stopping power values for protons $\text{p}$ or antiprotons $\bar{\text{p}}$, for: carbon - $S(E)_{C/\text{p}(\bar{\text{p}})}$; Mylar (from SRIM) - $S(E)_{Mylar/\text{p}}$; Mylar (from  Ref. \onlinecite{nordlund2022large}) - $S(E)_{Mylar/\bar{\text{p}}}$; Mylar according to model described in the text - $S(E)_{Mylar/\bar{\text{p}}}\cdot \lambda$; Mylar according to model described in the text with parameter $\lambda$ fitted to the data - $S(E)_{Mylar/\bar{\text{p}}}\cdot \lambda_{data}$.</subfield>
  </datafield>
  <datafield tag="856" ind1="4" ind2=" ">
    <subfield code="8">2496482</subfield>
    <subfield code="s">6783474</subfield>
    <subfield code="u">http://cds.cern.ch/record/2882335/files/Publication.pdf</subfield>
    <subfield code="y">Fulltext</subfield>
  </datafield>
  <datafield tag="856" ind1="4" ind2=" ">
    <subfield code="8">2496483</subfield>
    <subfield code="s">17844</subfield>
    <subfield code="u">http://cds.cern.ch/record/2882335/files/9.png</subfield>
    <subfield code="y">00003 Cryogenic endurance tests with a 2160 nm thick foil. (a) A 68 hours long exemplary interval of the leak rate measurement at 10 K. The full experiment lasted for 25 days. (b) Leak rate as a function of time, while performing cryogenic endurance test carried out at 77 K with liquid nitrogen. The foil was continuously pumped and re-pressurised. The leak rate was limited by thermal expansion of the support vacuum chamber, for further details we refer to the text. The test was performed with a single hole with 1.2 mm diameter as transmission channel.</subfield>
  </datafield>
  <datafield tag="856" ind1="4" ind2=" ">
    <subfield code="8">2496484</subfield>
    <subfield code="s">9903</subfield>
    <subfield code="u">http://cds.cern.ch/record/2882335/files/7.png</subfield>
    <subfield code="y">00001 Measured leak rate through the 2160 nm aluminised Mylar as a function of the number of 1-mm-diameter holes with a fitted straight line (blue) together with a shaded 2$\sigma$ confidence interval.</subfield>
  </datafield>
  <datafield tag="856" ind1="4" ind2=" ">
    <subfield code="8">2496485</subfield>
    <subfield code="s">8957</subfield>
    <subfield code="u">http://cds.cern.ch/record/2882335/files/6.png</subfield>
    <subfield code="y">00000 Permeation constant for 900 nm thick Mylar foil as a function of the aluminium coating thickness added on both sides together with a shaded $\pm$2$\sigma$ confidence interval of the fitted exponential function. Uncertainties are dominated by the measurement of the foil thickness. Each leak measurement is an average of over 60 min of data (3600 points), collected 60 minutes after start of pumping. These measurements were performed with a stamp with 7 1-mm-diameter holes. The point at 0~nm aluminium thickness is a reference point to a pure Mylar foil measured with a stamp with one 1.2 mm diameter hole. Measurement performed at room temperature.</subfield>
  </datafield>
  <datafield tag="856" ind1="4" ind2=" ">
    <subfield code="8">2496486</subfield>
    <subfield code="s">2527075</subfield>
    <subfield code="u">http://cds.cern.ch/record/2882335/files/2308.12873.pdf</subfield>
    <subfield code="y">Fulltext</subfield>
  </datafield>
  <datafield tag="856" ind1="4" ind2=" ">
    <subfield code="8">2496487</subfield>
    <subfield code="s">25494</subfield>
    <subfield code="u">http://cds.cern.ch/record/2882335/files/8.png</subfield>
    <subfield code="y">00002 Leak rate through a 1960 nm thick foil as a function of its temperature. Data were treated with a median filter with a time step of 19.8 s.</subfield>
  </datafield>
  <datafield tag="960" ind1=" " ind2=" ">
    <subfield code="a">13</subfield>
  </datafield>
  <datafield tag="980" ind1=" " ind2=" ">
    <subfield code="a">ARTICLE</subfield>
  </datafield>
</record>