
<record>
  <controlfield tag="001">2882328</controlfield>
  <controlfield tag="005">20231220042415.0</controlfield>
  <datafield tag="024" ind1="8" ind2=" ">
    <subfield code="a">oai:cds.cern.ch:2882328</subfield>
    <subfield code="p">cerncds:FULLTEXT</subfield>
    <subfield code="p">cerncds:CERN:FULLTEXT</subfield>
    <subfield code="p">cerncds:CERN</subfield>
  </datafield>
  <datafield tag="024" ind1="7" ind2=" ">
    <subfield code="2">DOI</subfield>
    <subfield code="9">APS</subfield>
    <subfield code="a">10.1103/PhysRevD.108.114013</subfield>
    <subfield code="q">publication</subfield>
  </datafield>
  <datafield tag="035" ind1=" " ind2=" ">
    <subfield code="9">arXiv</subfield>
    <subfield code="a">oai:arXiv.org:2310.16449</subfield>
  </datafield>
  <datafield tag="035" ind1=" " ind2=" ">
    <subfield code="a">oai:inspirehep.net:2714262</subfield>
    <subfield code="u">https://inspirehep.net/api/oai2d</subfield>
    <subfield code="9">Inspire</subfield>
    <subfield code="d">2023-12-19T09:53:42Z</subfield>
    <subfield code="h">2023-12-20T03:00:11Z</subfield>
    <subfield code="m">marcxml</subfield>
    <subfield code="t">true</subfield>
  </datafield>
  <datafield tag="035" ind1=" " ind2=" ">
    <subfield code="9">Inspire</subfield>
    <subfield code="a">2714262</subfield>
  </datafield>
  <datafield tag="037" ind1=" " ind2=" ">
    <subfield code="9">arXiv</subfield>
    <subfield code="a">arXiv:2310.16449</subfield>
    <subfield code="c">hep-th</subfield>
  </datafield>
  <datafield tag="037" ind1=" " ind2=" ">
    <subfield code="9">arXiv:reportnumber</subfield>
    <subfield code="a">FTPI-MINN-23-19</subfield>
  </datafield>
  <datafield tag="037" ind1=" " ind2=" ">
    <subfield code="a">CERN-TH-2023-188</subfield>
  </datafield>
  <datafield tag="037" ind1=" " ind2=" ">
    <subfield code="a">UMN-TH-4227/23</subfield>
  </datafield>
  <datafield tag="041" ind1=" " ind2=" ">
    <subfield code="a">eng</subfield>
  </datafield>
  <datafield tag="100" ind1=" " ind2=" ">
    <subfield code="a">Shifman, Mikhail</subfield>
    <subfield code="m">shifman@umn.edu</subfield>
    <subfield code="u">Minnesota U., Theor. Phys. Inst.</subfield>
    <subfield code="v">William I. Fine Theoretical Physics Institute, University of Minnesota, Minneapolis, Minnesota 55455, USA</subfield>
  </datafield>
  <datafield tag="245" ind1=" " ind2=" ">
    <subfield code="9">arXiv</subfield>
    <subfield code="a">Relating $\beta'_*$ and $\gamma'_{Q*}$ in the ${\cal N}=1$ SQCD Conformal Window</subfield>
  </datafield>
  <datafield tag="260" ind1=" " ind2=" ">
    <subfield code="c">2023-12-01</subfield>
  </datafield>
  <datafield tag="269" ind1=" " ind2=" ">
    <subfield code="c">2023-10-25</subfield>
  </datafield>
  <datafield tag="300" ind1=" " ind2=" ">
    <subfield code="a">8 p</subfield>
  </datafield>
  <datafield tag="520" ind1=" " ind2=" ">
    <subfield code="9">APS</subfield>
    <subfield code="a">In this paper we show that &lt;math display="inline">&lt;msubsup>&lt;mi>β&lt;/mi>&lt;mo>*&lt;/mo>&lt;mo>′&lt;/mo>&lt;/msubsup>&lt;/math>, the &lt;math display="inline">&lt;mi>β&lt;/mi>&lt;/math>-function slopes in the electric and magnetic theories, are equal at the corresponding infrared fixed points. This follows from the scaling of the correlators of the trace of the energy momentum tensors. The slopes &lt;math display="inline">&lt;msubsup>&lt;mi>β&lt;/mi>&lt;mo>*&lt;/mo>&lt;mo>′&lt;/mo>&lt;/msubsup>&lt;/math> determine the scaling dimensions. Our paper can be considered as a commentary to D. Anselmi, M. T. Grisaru, and A. Johansen [Nucl. Phys. B491, 221 (1997)]; it proposes an improved derivation not based on a rather contrived construction by D. Kutasov [Phys. Lett. B 351, 230 (1995)], D. Kutasov and A. Schwimmer [Phys. Lett. B 354, 315 (1995)], and D. Kutasov, A. Schwimmer, and N. Seiberg, [Nucl. Phys. B459, 455 (1996)]. As a byproduct we note that &lt;math display="inline">&lt;mrow>&lt;msubsup>&lt;mrow>&lt;mi>γ&lt;/mi>&lt;/mrow>&lt;mrow>&lt;msup>&lt;mrow>&lt;mi>Q&lt;/mi>&lt;/mrow>&lt;mrow>&lt;mo>*&lt;/mo>&lt;/mrow>&lt;/msup>&lt;/mrow>&lt;mrow>&lt;mo>′&lt;/mo>&lt;/mrow>&lt;/msubsup>&lt;/mrow>&lt;/math>—the slopes of the matter superfield anomalous dimension—vanish at both edges of the conformal window where one of the dual theories is strongly coupled. Finally, we determine the two-coupling magnetic fixed point at weak coupling correcting the result of I. I. Kogan, M. A. Shifman, and A. I. Vainshtein [Phys. Rev. D 53, 4526 (1996); Phys. Rev. D59, 109903(E) (1999)].</subfield>
  </datafield>
  <datafield tag="520" ind1=" " ind2=" ">
    <subfield code="9">arXiv</subfield>
    <subfield code="a">In this note we show that $\beta'_*$, the $\beta$-function slopes in the electric and magnetic theories are equal at the corresponding infrared fixed points. This follows from the scaling of the correlators of the trace of the energy momentum tensors. The slopes $\beta'_*$ determine the scaling dimensions. Our paper can be considered as a commentary to Anselmi et al. [1] -- it proposes an improved derivation not based on a rather contrived construction by Kutasov et al. [2]. As a byproduct we note that $\gamma'_{Q^*}$-- the slopes of the matter superfield anomalous dimension -- vanish at both edges of the conformal window where one of the dual theories is strongly coupled. Finally, we determine the two-coupling magnetic fixed point at weak coupling correcting the result of [3].</subfield>
  </datafield>
  <datafield tag="540" ind1=" " ind2=" ">
    <subfield code="3">preprint</subfield>
    <subfield code="a">CC BY 4.0</subfield>
    <subfield code="u">http://creativecommons.org/licenses/by/4.0/</subfield>
  </datafield>
  <datafield tag="540" ind1=" " ind2=" ">
    <subfield code="3">publication</subfield>
    <subfield code="a">CC BY 4.0</subfield>
    <subfield code="f">SCOAP3</subfield>
    <subfield code="u">https://creativecommons.org/licenses/by/4.0/</subfield>
  </datafield>
  <datafield tag="542" ind1=" " ind2=" ">
    <subfield code="3">publication</subfield>
    <subfield code="d">authors</subfield>
    <subfield code="g">2023</subfield>
  </datafield>
  <datafield tag="595" ind1=" " ind2="D">
    <subfield code="a">Y</subfield>
    <subfield code="d">2023-11-02</subfield>
    <subfield code="s">abs</subfield>
  </datafield>
  <datafield tag="595" ind1=" " ind2="D">
    <subfield code="a">Y</subfield>
    <subfield code="d">2023-11-06</subfield>
    <subfield code="s">printed</subfield>
  </datafield>
  <datafield tag="595" ind1=" " ind2=" ">
    <subfield code="a">CERN-TH</subfield>
  </datafield>
  <datafield tag="650" ind1="1" ind2="7">
    <subfield code="2">arXiv</subfield>
    <subfield code="a">hep-ph</subfield>
  </datafield>
  <datafield tag="650" ind1="1" ind2="7">
    <subfield code="2">SzGeCERN</subfield>
    <subfield code="a">Particle Physics - Phenomenology</subfield>
  </datafield>
  <datafield tag="650" ind1="1" ind2="7">
    <subfield code="2">arXiv</subfield>
    <subfield code="a">hep-th</subfield>
  </datafield>
  <datafield tag="650" ind1="1" ind2="7">
    <subfield code="2">SzGeCERN</subfield>
    <subfield code="a">Particle Physics - Theory</subfield>
  </datafield>
  <datafield tag="690" ind1="C" ind2=" ">
    <subfield code="a">CERN</subfield>
  </datafield>
  <datafield tag="690" ind1="C" ind2=" ">
    <subfield code="a">ARTICLE</subfield>
  </datafield>
  <datafield tag="700" ind1=" " ind2=" ">
    <subfield code="a">Zwicky, Roman</subfield>
    <subfield code="m">roman.zwicky@ed.ac.uk</subfield>
    <subfield code="u">U. Edinburgh, Higgs Ctr. Theor. Phys.</subfield>
    <subfield code="u">CERN</subfield>
    <subfield code="v">Theoretical Physics Department, CERN, Esplanade des Particules 1, Geneva CH-1211, Switzerland</subfield>
    <subfield code="v">Higgs Centre for Theoretical Physics, School of Physics and Astronomy, The University of Edinburgh, Edinburgh EH9 3JZ, United Kingdom</subfield>
  </datafield>
  <datafield tag="773" ind1=" " ind2=" ">
    <subfield code="c">114013</subfield>
    <subfield code="m">publication</subfield>
    <subfield code="n">11</subfield>
    <subfield code="p">Phys. Rev. D</subfield>
    <subfield code="v">108</subfield>
    <subfield code="y">2023</subfield>
  </datafield>
  <datafield tag="856" ind1="4" ind2=" ">
    <subfield code="8">2496334</subfield>
    <subfield code="s">13652</subfield>
    <subfield code="u">http://cds.cern.ch/record/2882328/files/flowmag.png</subfield>
    <subfield code="y">00000 \small Illustration of the RG flow in the magnetic theory. Red dots denote IR fixed points given in \eqref{eq:magIR} for $N_f$ just above $\frac{3}{2} N_c$ where the magnetic theory is weakly coupled.</subfield>
  </datafield>
  <datafield tag="856" ind1="4" ind2=" ">
    <subfield code="8">2496335</subfield>
    <subfield code="s">1215452</subfield>
    <subfield code="u">http://cds.cern.ch/record/2882328/files/2310.16449.pdf</subfield>
    <subfield code="y">Fulltext</subfield>
  </datafield>
  <datafield tag="856" ind1="4" ind2=" ">
    <subfield code="8">2501500</subfield>
    <subfield code="s">235553</subfield>
    <subfield code="u">http://cds.cern.ch/record/2882328/files/Publication.pdf</subfield>
    <subfield code="y">Fulltext</subfield>
  </datafield>
  <datafield tag="960" ind1=" " ind2=" ">
    <subfield code="a">13</subfield>
  </datafield>
  <datafield tag="980" ind1=" " ind2=" ">
    <subfield code="a">ARTICLE</subfield>
  </datafield>
</record>