
<record>
  <controlfield tag="001">2882327</controlfield>
  <controlfield tag="005">20240328075433.0</controlfield>
  <datafield tag="024" ind1="8" ind2=" ">
    <subfield code="a">oai:cds.cern.ch:2882327</subfield>
    <subfield code="p">cerncds:FULLTEXT</subfield>
    <subfield code="p">cerncds:CERN:FULLTEXT</subfield>
    <subfield code="p">cerncds:CERN</subfield>
  </datafield>
  <datafield tag="024" ind1="7" ind2=" ">
    <subfield code="2">DOI</subfield>
    <subfield code="9">Elsevier B.V.</subfield>
    <subfield code="a">10.1016/j.rinp.2023.107245</subfield>
    <subfield code="q">publication</subfield>
  </datafield>
  <datafield tag="035" ind1=" " ind2=" ">
    <subfield code="9">arXiv</subfield>
    <subfield code="a">oai:arXiv.org:2307.14026</subfield>
  </datafield>
  <datafield tag="035" ind1=" " ind2=" ">
    <subfield code="a">oai:inspirehep.net:2681817</subfield>
    <subfield code="u">https://inspirehep.net/api/oai2d</subfield>
    <subfield code="9">Inspire</subfield>
    <subfield code="d">2024-03-27T19:09:00Z</subfield>
    <subfield code="h">2024-03-28T03:00:13Z</subfield>
    <subfield code="m">marcxml</subfield>
    <subfield code="t">true</subfield>
  </datafield>
  <datafield tag="035" ind1=" " ind2=" ">
    <subfield code="9">Inspire</subfield>
    <subfield code="a">2681817</subfield>
  </datafield>
  <datafield tag="037" ind1=" " ind2=" ">
    <subfield code="9">arXiv</subfield>
    <subfield code="a">arXiv:2307.14026</subfield>
    <subfield code="c">physics.acc-ph</subfield>
  </datafield>
  <datafield tag="041" ind1=" " ind2=" ">
    <subfield code="a">eng</subfield>
  </datafield>
  <datafield tag="100" ind1=" " ind2=" ">
    <subfield code="a">González-Iglesias, Daniel</subfield>
    <subfield code="m">daniel.gonzalez-iglesias@uv.es</subfield>
    <subfield code="u">Valencia U., IFIC</subfield>
    <subfield code="v">Instituto de Física Corpuscular (IFIC), CSIC-UV, c/ Catedrático José Beltrán 2, 46980 Paterna, Spain</subfield>
  </datafield>
  <datafield tag="245" ind1=" " ind2=" ">
    <subfield code="9">Elsevier B.V.</subfield>
    <subfield code="a">Non-resonant ultra-fast multipactor regime in dielectric-assist accelerating structures</subfield>
  </datafield>
  <datafield tag="260" ind1=" " ind2=" ">
    <subfield code="c">2023-12-06</subfield>
  </datafield>
  <datafield tag="269" ind1=" " ind2=" ">
    <subfield code="c">2023-07-26</subfield>
  </datafield>
  <datafield tag="300" ind1=" " ind2=" ">
    <subfield code="a">12 p</subfield>
  </datafield>
  <datafield tag="520" ind1=" " ind2=" ">
    <subfield code="9">Elsevier B.V.</subfield>
    <subfield code="a">The objective of this work is the evaluation of the risk of suffering a multipactor discharge in an S-band dielectric-assist accelerating (DAA) structure for a compact low-energy linear particle accelerator dedicated to hadrontherapy treatments. A DAA structure consists of ultra-low loss dielectric cylinders and disks with irises which are periodically arranged in a metallic enclosure, with the advantage of having an extremely high quality factor and very high shunt impedance at room temperature, and it is therefore proposed as a potential alternative to conventional disk-loaded copper structures. However, it has been observed that these structures suffer from multipactor discharges. In fact, multipactor is one of the main problems of these devices, as it limits the maximum accelerating gradient. Because of this, the analysis of multipactor risk in the early design steps of DAA cavities is crucial to ensure the correct performance of the device after fabrication. In this paper, we present a comprehensive and detailed study of multipactor in our DAA design through numerical simulations performed with an in-house developed code based on the Monte–Carlo method. The phenomenology of the multipactor (resonant electron trajectories, electron flight time between impacts, etc.) is described in detail for different values of the accelerating gradient. It has been found that in these structures an ultra-fast non-resonant multipactor appears, which is different from the types of multipactor theoretically studied in the scientific literature. In addition, the effect of several low electron emission coatings on the multipactor threshold is investigated. Furthermore, a novel design based on the modification of the DAA cell geometry for multipactor mitigation is introduced, which shows a significant increase in the accelerating gradient handling capabilities of our prototype. •Multipactor discharge risk in a dielectric-assisted accelerator is analyzed by numerical simulations.•Multipactor phenomenology and electron statistics in the DAA cell are examined.•Analysis of dielectric coatings to reduce the SEY and suppress the multipactor.•Modification of the DAA cell geometry to mitigate the multipactor is investigated</subfield>
  </datafield>
  <datafield tag="520" ind1=" " ind2=" ">
    <subfield code="9">arXiv</subfield>
    <subfield code="a">The objective of this work is the evaluation of the risk of suffering a multipactor discharge in an S-band dielectric-assist accelerating (DAA) structure for a compact low-energy linear particle accelerator dedicated to hadrontherapy treatments. A DAA structure consists of ultra-low loss dielectric ciylinders and disks with irises which are periodically arranged in a metallic enclosure, with the advantage of having an extremely high quality factor and very high shunt impedance at room temperature, and it is therefore proposed as a potential alternative to conventional disk-loaded copper structures. However, it has been observed that these structures suffer from multipactor discharges. In fact, multipactor is one of the main problems of these devices, as it limits the maximum accelerating gradient. Because of this, the analysis of multipactor risk in the early design steps of DAA cavities is crucial to ensure the correct performance of the device after fabrication. In this paper, we present a comprehensive and detailed study of multipactor in our DAA design through numerical simulations performed with an in-house developed code based on the Monte-Carlo method. The phenomenology of the multipactor (resonant electron trajectories, electron flight time between impacts, etc.) is described in detail for different values of the accelerating gradient. It has been found that in these structures an ultra-fast non-resonant multipactor appears, which is different from the types of multipactor theoretically studied in the scientific literature. In addition, the effect of several low electron emission coatings on the multipactor threshold is investigated. Furthermore, a novel design based on the modification of the DAA cell geometry for multipactor mitigation is introduced, which shows a significant increase in the accelerating gradient handling capabilities of our prototype.</subfield>
  </datafield>
  <datafield tag="540" ind1=" " ind2=" ">
    <subfield code="3">preprint</subfield>
    <subfield code="a">arXiv nonexclusive-distrib 1.0</subfield>
    <subfield code="u">http://arxiv.org/licenses/nonexclusive-distrib/1.0/</subfield>
  </datafield>
  <datafield tag="540" ind1=" " ind2=" ">
    <subfield code="3">publication</subfield>
    <subfield code="a">CC BY-NC-ND 4.0</subfield>
    <subfield code="u">http://creativecommons.org/licenses/by-nc-nd/4.0/</subfield>
  </datafield>
  <datafield tag="542" ind1=" " ind2=" ">
    <subfield code="3">publication</subfield>
    <subfield code="g">2023</subfield>
  </datafield>
  <datafield tag="650" ind1="1" ind2="7">
    <subfield code="2">arXiv</subfield>
    <subfield code="a">physics.plasm-ph</subfield>
  </datafield>
  <datafield tag="650" ind1="1" ind2="7">
    <subfield code="2">SzGeCERN</subfield>
    <subfield code="a">Other Fields of Physics</subfield>
  </datafield>
  <datafield tag="650" ind1="1" ind2="7">
    <subfield code="2">arXiv</subfield>
    <subfield code="a">physics.acc-ph</subfield>
  </datafield>
  <datafield tag="650" ind1="1" ind2="7">
    <subfield code="2">SzGeCERN</subfield>
    <subfield code="a">Accelerators and Storage Rings</subfield>
  </datafield>
  <datafield tag="690" ind1="C" ind2=" ">
    <subfield code="a">CERN</subfield>
  </datafield>
  <datafield tag="690" ind1="C" ind2=" ">
    <subfield code="a">ARTICLE</subfield>
  </datafield>
  <datafield tag="700" ind1=" " ind2=" ">
    <subfield code="a">Gimeno, Benito</subfield>
    <subfield code="u">Valencia U., IFIC</subfield>
    <subfield code="v">Instituto de Física Corpuscular (IFIC), CSIC-UV, c/ Catedrático José Beltrán 2, 46980 Paterna, Spain</subfield>
  </datafield>
  <datafield tag="700" ind1=" " ind2=" ">
    <subfield code="a">Esperante, Daniel</subfield>
    <subfield code="u">Valencia U., IFIC</subfield>
    <subfield code="v">Instituto de Física Corpuscular (IFIC), CSIC-UV, c/ Catedrático José Beltrán 2, 46980 Paterna, Spain</subfield>
  </datafield>
  <datafield tag="700" ind1=" " ind2=" ">
    <subfield code="a">Martinez-Reviriego, Pablo</subfield>
    <subfield code="u">Valencia U., IFIC</subfield>
    <subfield code="v">Instituto de Física Corpuscular (IFIC), CSIC-UV, c/ Catedrático José Beltrán 2, 46980 Paterna, Spain</subfield>
  </datafield>
  <datafield tag="700" ind1=" " ind2=" ">
    <subfield code="a">Martín-Luna, Pablo</subfield>
    <subfield code="u">Valencia U., IFIC</subfield>
    <subfield code="v">Instituto de Física Corpuscular (IFIC), CSIC-UV, c/ Catedrático José Beltrán 2, 46980 Paterna, Spain</subfield>
  </datafield>
  <datafield tag="700" ind1=" " ind2=" ">
    <subfield code="a">Fuster-Martínez, Nuria</subfield>
    <subfield code="u">Valencia U., IFIC</subfield>
    <subfield code="v">Instituto de Física Corpuscular (IFIC), CSIC-UV, c/ Catedrático José Beltrán 2, 46980 Paterna, Spain</subfield>
  </datafield>
  <datafield tag="700" ind1=" " ind2=" ">
    <subfield code="a">Blanch, César</subfield>
    <subfield code="u">Valencia U., IFIC</subfield>
    <subfield code="v">Instituto de Física Corpuscular (IFIC), CSIC-UV, c/ Catedrático José Beltrán 2, 46980 Paterna, Spain</subfield>
  </datafield>
  <datafield tag="700" ind1=" " ind2=" ">
    <subfield code="a">Martínez, Eduardo</subfield>
    <subfield code="u">Valencia U., IFIC</subfield>
    <subfield code="v">Instituto de Física Corpuscular (IFIC), CSIC-UV, c/ Catedrático José Beltrán 2, 46980 Paterna, Spain</subfield>
  </datafield>
  <datafield tag="700" ind1=" " ind2=" ">
    <subfield code="a">Menendez, Abraham</subfield>
    <subfield code="u">Valencia U., IFIC</subfield>
    <subfield code="v">Instituto de Física Corpuscular (IFIC), CSIC-UV, c/ Catedrático José Beltrán 2, 46980 Paterna, Spain</subfield>
  </datafield>
  <datafield tag="700" ind1=" " ind2=" ">
    <subfield code="a">Fuster, Juan</subfield>
    <subfield code="u">Valencia U., IFIC</subfield>
    <subfield code="v">Instituto de Física Corpuscular (IFIC), CSIC-UV, c/ Catedrático José Beltrán 2, 46980 Paterna, Spain</subfield>
  </datafield>
  <datafield tag="700" ind1=" " ind2=" ">
    <subfield code="a">Grudiev, Alexej</subfield>
    <subfield code="u">CERN</subfield>
    <subfield code="v">CERN, European Organization for Nuclear Research, Geneva 1221, Switzerland</subfield>
  </datafield>
  <datafield tag="773" ind1=" " ind2=" ">
    <subfield code="c">107245</subfield>
    <subfield code="m">publication</subfield>
    <subfield code="p">Results Phys.</subfield>
    <subfield code="v">56</subfield>
    <subfield code="y">2024</subfield>
  </datafield>
  <datafield tag="856" ind1="4" ind2=" ">
    <subfield code="8">2496322</subfield>
    <subfield code="s">73646</subfield>
    <subfield code="u">http://cds.cern.ch/record/2882327/files/seys.png</subfield>
    <subfield code="y">00002 SEY of $MgTiO_3$ samples without coating (sample 7) (a), $MgTiO_3$ with Acree technologies inc. coating (b), with Nanotec Co. coating (c), and with ac-400nm bldg 867 coating (d), as a function of the primary electron kinetic energy. Experimental data as well as the fit to the Furman and Pivi model are shown.</subfield>
  </datafield>
  <datafield tag="856" ind1="4" ind2=" ">
    <subfield code="8">2496323</subfield>
    <subfield code="s">9135</subfield>
    <subfield code="u">http://cds.cern.ch/record/2882327/files/esquema_celda_DAA_modificada.png</subfield>
    <subfield code="y">00007 Schematic of the modified DAA cell.</subfield>
  </datafield>
  <datafield tag="856" ind1="4" ind2=" ">
    <subfield code="8">2496324</subfield>
    <subfield code="s">30446</subfield>
    <subfield code="u">http://cds.cern.ch/record/2882327/files/sigma_ac40nnbldg867_nuevageom_vs_old.png</subfield>
    <subfield code="y">00010 Comparisons of the growth factor $\sigma$ for ac-400 nm bldg 867 coverage in the original cell and in the new design, for the \textit{down} (left) and \textit{up} (right) zones.</subfield>
  </datafield>
  <datafield tag="856" ind1="4" ind2=" ">
    <subfield code="8">2496325</subfield>
    <subfield code="s">50334</subfield>
    <subfield code="u">http://cds.cern.ch/record/2882327/files/sigma_comparativas.png</subfield>
    <subfield code="y">00003 Comparisons of the growth factor $\sigma$ for the different dielectric material cases (dielectric uncoated, Nanotec Co. coating, Acree technologies inc. coating, ac-400 nm bldg 867 coating) for the different zones \textit{down} (a) and \textit{up} (b).</subfield>
  </datafield>
  <datafield tag="856" ind1="4" ind2=" ">
    <subfield code="8">2496326</subfield>
    <subfield code="s">123616</subfield>
    <subfield code="u">http://cds.cern.ch/record/2882327/files/20MVm-ejemplo-com.png</subfield>
    <subfield code="y">00005 Left side: statistics of the multipactor simulation for $E_0 = 20$ MV/m (\textit{down} zone), same captions as in Fig. \ref{1MVm-down}. Right side: results for $E_0 = 20$ MV/m (\textit{down} zone) from the theoretical model for an electron departing from the lateral wall and impacting again with the same surface. e) Electron impact time normalized to the RF period as a function of initial field phase, including the results provided by the approximate eq. approximate (\ref{t_aprox}) and by the trajectory equation (\ref{ec_r}). f) Radial trajectory for an electron with initial field phase $\theta = 280^{\circ}$, including the results of the analytical eq. (\ref{ec_r}), of the approximate eq. (\ref{r_aprox}), and of the differential eq. of the motion integrated with the Boris method. Same captions for g) and h) as in Fig. \ref{1MVm-down}.</subfield>
  </datafield>
  <datafield tag="856" ind1="4" ind2=" ">
    <subfield code="8">2496327</subfield>
    <subfield code="s">108869</subfield>
    <subfield code="u">http://cds.cern.ch/record/2882327/files/1MVm-down-completo.png</subfield>
    <subfield code="y">00004 Left side: statistics of the multipactor simulation for $E_0 = 1$ MV/m (\textit{down} zone). a) Number of electrons in the structure as a function of time normalised to the period of the RF signal. b) Colour map with the number of electrons impacting at each position of the walls being able to generate two or more secondary electrons. c) Histogram with the time of flight of the electrons (generating two or more secondaries) between successive impacts normalised to the period of the RF signal. d) Histogram with the probability that an electron generating more than one secondary will impact at a certain angle with respect to the normal to the surface. Right side: results for $E_0 = 1$ MV/m (\textit{down} zone) from the theoretical model for an electron departing from the right lateral wall and impacting with the left sidewall. e) Electron impact time normalized to the RF period as a function of initial field phase. f) Radial trajectory for an electron with initial field phase $\theta = 10^{\circ}$. g) Impact angle of the electron with respect to the surface normal as a function of the initial field phase. h) Impact kinetic energy of the electron as a function of the initial field phase.</subfield>
  </datafield>
  <datafield tag="856" ind1="4" ind2=" ">
    <subfield code="8">2496328</subfield>
    <subfield code="s">144432</subfield>
    <subfield code="u">http://cds.cern.ch/record/2882327/files/cell.png</subfield>
    <subfield code="y">00000 Schematic of a DAA structure with its characteristic dimensions. Figure extracted from \cite{9387344}.</subfield>
  </datafield>
  <datafield tag="856" ind1="4" ind2=" ">
    <subfield code="8">2496329</subfield>
    <subfield code="s">32650</subfield>
    <subfield code="u">http://cds.cern.ch/record/2882327/files/sigma_japonesa_nuevageom_vs_old.png</subfield>
    <subfield code="y">00009 Comparisons of the growth factor $\sigma$ for the Nanotec Co. coating in the original cell and in the new design, for the \textit{down} (left) and \textit{up} (right) zones.</subfield>
  </datafield>
  <datafield tag="856" ind1="4" ind2=" ">
    <subfield code="8">2496330</subfield>
    <subfield code="s">103746</subfield>
    <subfield code="u">http://cds.cern.ch/record/2882327/files/5-20MVm-up.png</subfield>
    <subfield code="y">00006 Left (right) side: statistics of the multipactor simulation for $E_0 = 5$ MV/m ($E_0 = 20$ MV/m) in the \textit{up} zone. Same captions as in Fig. \ref{1MVm-down}.</subfield>
  </datafield>
  <datafield tag="856" ind1="4" ind2=" ">
    <subfield code="8">2496331</subfield>
    <subfield code="s">53205</subfield>
    <subfield code="u">http://cds.cern.ch/record/2882327/files/cell_zonas.png</subfield>
    <subfield code="y">00001 Left: schematic of a regular cell of a DAA structure. Right: nomenclature with the different zones of the DAA cell \cite{9387344}.</subfield>
  </datafield>
  <datafield tag="856" ind1="4" ind2=" ">
    <subfield code="8">2496332</subfield>
    <subfield code="s">32528</subfield>
    <subfield code="u">http://cds.cern.ch/record/2882327/files/sigma_uncoated_nuevageom_vs_old.png</subfield>
    <subfield code="y">00008 Growth factor comparisons for uncoated $MgTiO_3$ in the original cell and in the new design, for the \textit{down} (left) and \textit{up} (right) zones.</subfield>
  </datafield>
  <datafield tag="856" ind1="4" ind2=" ">
    <subfield code="8">2496333</subfield>
    <subfield code="s">1005731</subfield>
    <subfield code="u">http://cds.cern.ch/record/2882327/files/2307.14026.pdf</subfield>
    <subfield code="y">Fulltext</subfield>
  </datafield>
  <datafield tag="856" ind1="4" ind2=" ">
    <subfield code="8">2500834</subfield>
    <subfield code="s">2509530</subfield>
    <subfield code="u">http://cds.cern.ch/record/2882327/files/Publication.pdf</subfield>
  </datafield>
  <datafield tag="960" ind1=" " ind2=" ">
    <subfield code="a">13</subfield>
  </datafield>
  <datafield tag="980" ind1=" " ind2=" ">
    <subfield code="a">ARTICLE</subfield>
  </datafield>
</record>