
<record>
  <controlfield tag="001">2882324</controlfield>
  <controlfield tag="005">20240419062723.0</controlfield>
  <datafield tag="024" ind1="7" ind2=" ">
    <subfield code="2">DOI</subfield>
    <subfield code="9">Elsevier B.V.</subfield>
    <subfield code="a">10.1016/j.physletb.2023.138278</subfield>
    <subfield code="q">publication</subfield>
  </datafield>
  <datafield tag="024" ind1="7" ind2=" ">
    <subfield code="2">DOI</subfield>
    <subfield code="9">arXiv</subfield>
    <subfield code="a">10.1016/j.physletb.2023.138278</subfield>
    <subfield code="q">publication</subfield>
  </datafield>
  <datafield tag="024" ind1="8" ind2=" ">
    <subfield code="a">oai:cds.cern.ch:2882324</subfield>
    <subfield code="p">cerncds:FULLTEXT</subfield>
    <subfield code="p">cerncds:CERN:FULLTEXT</subfield>
    <subfield code="p">cerncds:CERN</subfield>
  </datafield>
  <datafield tag="035" ind1=" " ind2=" ">
    <subfield code="9">arXiv</subfield>
    <subfield code="a">oai:arXiv.org:2311.01110</subfield>
  </datafield>
  <datafield tag="035" ind1=" " ind2=" ">
    <subfield code="a">oai:inspirehep.net:2716131</subfield>
    <subfield code="u">https://inspirehep.net/api/oai2d</subfield>
    <subfield code="9">Inspire</subfield>
    <subfield code="d">2024-04-18T06:09:05Z</subfield>
    <subfield code="h">2024-04-19T02:27:40Z</subfield>
    <subfield code="m">marcxml</subfield>
    <subfield code="t">true</subfield>
  </datafield>
  <datafield tag="035" ind1=" " ind2=" ">
    <subfield code="9">Inspire</subfield>
    <subfield code="a">2716131</subfield>
  </datafield>
  <datafield tag="037" ind1=" " ind2=" ">
    <subfield code="9">arXiv</subfield>
    <subfield code="a">arXiv:2311.01110</subfield>
    <subfield code="c">nucl-ex</subfield>
  </datafield>
  <datafield tag="041" ind1=" " ind2=" ">
    <subfield code="a">eng</subfield>
  </datafield>
  <datafield tag="100" ind1=" " ind2=" ">
    <subfield code="a">Lechner, S.</subfield>
    <subfield code="m">simon.lechner@cern.ch</subfield>
    <subfield code="u">CERN</subfield>
    <subfield code="u">Vienna, Tech. U., Atominst.</subfield>
    <subfield code="v">Experimental Physics Department, CERN, CH-1211 Geneva 23, Switzerland</subfield>
    <subfield code="v">Technische Universität Wien, AT-1040 Wien, Austria</subfield>
  </datafield>
  <datafield tag="245" ind1=" " ind2=" ">
    <subfield code="9">Elsevier B.V.</subfield>
    <subfield code="a">Electromagnetic moments of the antimony isotopes $^{112−133}$Sb</subfield>
  </datafield>
  <datafield tag="246" ind1=" " ind2=" ">
    <subfield code="9">Elsevier B.V.</subfield>
    <subfield code="a">Electromagnetic moments of the antimony isotopes 112−133Sb</subfield>
  </datafield>
  <datafield tag="260" ind1=" " ind2=" ">
    <subfield code="c">2023-10-26</subfield>
  </datafield>
  <datafield tag="269" ind1=" " ind2=" ">
    <subfield code="c">2023-11-02</subfield>
  </datafield>
  <datafield tag="300" ind1=" " ind2=" ">
    <subfield code="a">9 p</subfield>
  </datafield>
  <datafield tag="520" ind1=" " ind2=" ">
    <subfield code="9">Elsevier B.V.</subfield>
    <subfield code="a">Nuclear moments of the antimony isotopes &lt;sup loc="post">113−133&lt;/sup>Sb are measured by collinear laser spectroscopy and used to benchmark phenomenological shell-model and ab initio calculations in the valence-space in-medium similarity renormalization group (VS-IMSRG). The shell-model calculations reproduce the electromagnetic moments over all Sb isotopes when suitable effective g-factors and charges are employed. Good agreement is achieved by VS-IMSRG for magnetic moments on the neutron-deficient side for both odd-even and odd-odd Sb isotopes while its results deviate from experiment on the neutron-rich side. When the same effective g-factors are used, VS-IMSRG agrees with experiment nearly as well as the shell model. Hence, the wave functions are very similar in both approaches and missing contributions to the M1 operator are identified as the cause of the discrepancy of VS-IMSRG with experiment. Electric quadrupole moments remain more challenging for VS-IMSRG.</subfield>
  </datafield>
  <datafield tag="520" ind1=" " ind2=" ">
    <subfield code="9">arXiv</subfield>
    <subfield code="a">Nuclear moments of the antimony isotopes $^{113-133}$Sb are measured by collinear laser spectroscopy and used to benchmark phenomenological shell-model and \textit{ab initio} calculations in the valence-space in-medium similarity renormalization group (VS-IMSRG). The shell-model calculations reproduce the electromagnetic moments over all Sb isotopes when suitable effective $g$-factors and charges are employed. Good agreement is achieved by VS-IMSRG for magnetic moments on the neutron-deficient side for both odd-even and odd-odd Sb isotopes while its results deviate from experiment on the neutron-rich side. When the same effective $g$-factors are used, VS-IMSRG agrees with experiment nearly as well as the shell model. Hence, the wave functions are very similar in both approaches and missing contributions to the M1 operator are identified as the cause of the discrepancy of VS-IMSRG with experiment. Electric quadrupole moments remain more challenging for VS-IMSRG.</subfield>
  </datafield>
  <datafield tag="540" ind1=" " ind2=" ">
    <subfield code="3">publication</subfield>
    <subfield code="a">CC BY 4.0</subfield>
    <subfield code="u">http://creativecommons.org/licenses/by/4.0/</subfield>
    <subfield code="f">SCOAP3</subfield>
  </datafield>
  <datafield tag="540" ind1=" " ind2=" ">
    <subfield code="3">preprint</subfield>
    <subfield code="a">CC BY-NC-ND 4.0</subfield>
    <subfield code="u">http://creativecommons.org/licenses/by-nc-nd/4.0/</subfield>
  </datafield>
  <datafield tag="541" ind1=" " ind2=" ">
    <subfield code="a">Elsevier</subfield>
    <subfield code="c">hepcrawl</subfield>
    <subfield code="d">2023-11-26T16:25:28.716336</subfield>
    <subfield code="e">6480136</subfield>
  </datafield>
  <datafield tag="542" ind1=" " ind2=" ">
    <subfield code="d">The Authors</subfield>
    <subfield code="3">publication</subfield>
    <subfield code="g">2023</subfield>
  </datafield>
  <datafield tag="595" ind1=" " ind2=" ">
    <subfield code="c">HAL</subfield>
  </datafield>
  <datafield tag="650" ind1="1" ind2="7">
    <subfield code="a">nucl-th</subfield>
    <subfield code="2">arXiv</subfield>
  </datafield>
  <datafield tag="650" ind1="1" ind2="7">
    <subfield code="a">Nuclear Physics - Theory</subfield>
    <subfield code="2">SzGeCERN</subfield>
  </datafield>
  <datafield tag="650" ind1="1" ind2="7">
    <subfield code="a">nucl-ex</subfield>
    <subfield code="2">arXiv</subfield>
  </datafield>
  <datafield tag="650" ind1="1" ind2="7">
    <subfield code="a">Nuclear Physics - Experiment</subfield>
    <subfield code="2">SzGeCERN</subfield>
  </datafield>
  <datafield tag="690" ind1="C" ind2=" ">
    <subfield code="a">CERN</subfield>
  </datafield>
  <datafield tag="690" ind1="C" ind2=" ">
    <subfield code="a">ARTICLE</subfield>
  </datafield>
  <datafield tag="700" ind1=" " ind2=" ">
    <subfield code="a">Miyagi, T.</subfield>
    <subfield code="u">Darmstadt, EMMI</subfield>
    <subfield code="u">Heidelberg, Max Planck Inst.</subfield>
    <subfield code="u">TRIUMF</subfield>
    <subfield code="v">Institut für Kernphysik, Department of Physics, TU Darmstadt, D-64289 Darmstadt, Germany</subfield>
    <subfield code="v">ExtreMe Matter Institute EMMI, GSI Helmholtzzentrum für Schwerionenforschung GmbH, 64291 Darmstadt, Germany</subfield>
    <subfield code="v">Max-Planck-Institut für Kernphysik, Saupfercheckweg 1, 69117 Heidelberg, Germany</subfield>
    <subfield code="v">TRIUMF, Vancouver, British Columbia V6T 2A3, Canada</subfield>
  </datafield>
  <datafield tag="700" ind1=" " ind2=" ">
    <subfield code="a">Xu, Z.Y.</subfield>
    <subfield code="u">Leuven U.</subfield>
    <subfield code="u">Tennessee U.</subfield>
    <subfield code="v">Instituut voor Kern- en Stalingsfysica, KU Leuven, B-3001, Leuven, Belgium</subfield>
    <subfield code="v">Department of Physics and Astronomy, University of Tennessee, 37996 Knoxville, TN, USA</subfield>
  </datafield>
  <datafield tag="700" ind1=" " ind2=" ">
    <subfield code="a">Bissell, M.L.</subfield>
    <subfield code="u">Manchester U.</subfield>
    <subfield code="u">CERN</subfield>
    <subfield code="v">School of Physics and Astronomy, University of Manchester, Manchester, M13 9PL, United Kingdom</subfield>
    <subfield code="v">Experimental Physics Department, CERN, CH-1211 Geneva 23, Switzerland</subfield>
  </datafield>
  <datafield tag="700" ind1=" " ind2=" ">
    <subfield code="a">Blaum, K.</subfield>
    <subfield code="u">Heidelberg, Max Planck Inst.</subfield>
    <subfield code="v">Max-Planck-Institut für Kernphysik, Saupfercheckweg 1, 69117 Heidelberg, Germany</subfield>
  </datafield>
  <datafield tag="700" ind1=" " ind2=" ">
    <subfield code="a">Cheal, B.</subfield>
    <subfield code="u">Liverpool U.</subfield>
    <subfield code="v">Oliver Lodge Laboratory, University of Liverpool, Liverpool, L69 7ZE, United Kingdom</subfield>
  </datafield>
  <datafield tag="700" ind1=" " ind2=" ">
    <subfield code="a">Devlin, C.S.</subfield>
    <subfield code="u">Liverpool U.</subfield>
    <subfield code="v">Oliver Lodge Laboratory, University of Liverpool, Liverpool, L69 7ZE, United Kingdom</subfield>
  </datafield>
  <datafield tag="700" ind1=" " ind2=" ">
    <subfield code="a">Garcia Ruiz, R.F.</subfield>
    <subfield code="u">CERN</subfield>
    <subfield code="v">Experimental Physics Department, CERN, CH-1211 Geneva 23, Switzerland</subfield>
  </datafield>
  <datafield tag="700" ind1=" " ind2=" ">
    <subfield code="a">Ginges, J.S.M.</subfield>
    <subfield code="u">Queensland U.</subfield>
    <subfield code="v">School of Mathematics and Physics, The University of Queensland, Brisbane QLD 4072, Australia</subfield>
  </datafield>
  <datafield tag="700" ind1=" " ind2=" ">
    <subfield code="a">Heylen, H.</subfield>
    <subfield code="u">CERN</subfield>
    <subfield code="u">Heidelberg, Max Planck Inst.</subfield>
    <subfield code="v">Experimental Physics Department, CERN, CH-1211 Geneva 23, Switzerland</subfield>
    <subfield code="v">Max-Planck-Institut für Kernphysik, Saupfercheckweg 1, 69117 Heidelberg, Germany</subfield>
  </datafield>
  <datafield tag="700" ind1=" " ind2=" ">
    <subfield code="a">Holt, J.D.</subfield>
    <subfield code="u">TRIUMF</subfield>
    <subfield code="v">TRIUMF, Vancouver, British Columbia V6T 2A3, Canada</subfield>
  </datafield>
  <datafield tag="700" ind1=" " ind2=" ">
    <subfield code="a">Imgram, P.</subfield>
    <subfield code="u">Darmstadt, EMMI</subfield>
    <subfield code="u">Leuven U.</subfield>
    <subfield code="v">Institut für Kernphysik, Department of Physics, TU Darmstadt, D-64289 Darmstadt, Germany</subfield>
    <subfield code="v">Instituut voor Kern- en Stalingsfysica, KU Leuven, B-3001, Leuven, Belgium</subfield>
  </datafield>
  <datafield tag="700" ind1=" " ind2=" ">
    <subfield code="a">Kanellakopoulos, A.</subfield>
    <subfield code="u">Leuven U.</subfield>
    <subfield code="v">Instituut voor Kern- en Stalingsfysica, KU Leuven, B-3001, Leuven, Belgium</subfield>
  </datafield>
  <datafield tag="700" ind1=" " ind2=" ">
    <subfield code="a">Koszorús, Á.</subfield>
    <subfield code="u">CERN</subfield>
    <subfield code="u">Leuven U.</subfield>
    <subfield code="v">Experimental Physics Department, CERN, CH-1211 Geneva 23, Switzerland</subfield>
    <subfield code="v">Instituut voor Kern- en Stalingsfysica, KU Leuven, B-3001, Leuven, Belgium</subfield>
  </datafield>
  <datafield tag="700" ind1=" " ind2=" ">
    <subfield code="a">Malbrunot-Ettenauer, S.</subfield>
    <subfield code="u">CERN</subfield>
    <subfield code="u">TRIUMF</subfield>
    <subfield code="u">Toronto U.</subfield>
    <subfield code="v">Experimental Physics Department, CERN, CH-1211 Geneva 23, Switzerland</subfield>
    <subfield code="v">TRIUMF, Vancouver, British Columbia V6T 2A3, Canada</subfield>
    <subfield code="v">Department of Physics, University of Toronto, 60 St. George St., Toronto, Ontario, Canada</subfield>
  </datafield>
  <datafield tag="700" ind1=" " ind2=" ">
    <subfield code="a">Neugart, R.</subfield>
    <subfield code="u">Heidelberg, Max Planck Inst.</subfield>
    <subfield code="u">Mainz U., Inst. Kernphys.</subfield>
    <subfield code="v">Max-Planck-Institut für Kernphysik, Saupfercheckweg 1, 69117 Heidelberg, Germany</subfield>
    <subfield code="v">Institut für Kernchemie, Universität Mainz, D-55128 Mainz, Germany</subfield>
  </datafield>
  <datafield tag="700" ind1=" " ind2=" ">
    <subfield code="a">Neyens, G.</subfield>
    <subfield code="u">CERN</subfield>
    <subfield code="u">Leuven U.</subfield>
    <subfield code="v">Experimental Physics Department, CERN, CH-1211 Geneva 23, Switzerland</subfield>
    <subfield code="v">Instituut voor Kern- en Stalingsfysica, KU Leuven, B-3001, Leuven, Belgium</subfield>
  </datafield>
  <datafield tag="700" ind1=" " ind2=" ">
    <subfield code="a">Nörtershäuser, W.</subfield>
    <subfield code="u">Darmstadt, EMMI</subfield>
    <subfield code="v">Institut für Kernphysik, Department of Physics, TU Darmstadt, D-64289 Darmstadt, Germany</subfield>
  </datafield>
  <datafield tag="700" ind1=" " ind2=" ">
    <subfield code="a">Plattner, P.</subfield>
    <subfield code="u">CERN</subfield>
    <subfield code="u">Innsbruck U.</subfield>
    <subfield code="u">Heidelberg, Max Planck Inst.</subfield>
    <subfield code="v">Experimental Physics Department, CERN, CH-1211 Geneva 23, Switzerland</subfield>
    <subfield code="v">Universität Innsbruck, AT-6020 Innsbruck, Austria</subfield>
    <subfield code="v">Max-Planck-Institut für Kernphysik, Saupfercheckweg 1, 69117 Heidelberg, Germany</subfield>
  </datafield>
  <datafield tag="700" ind1=" " ind2=" ">
    <subfield code="a">Rodríguez, L.V.</subfield>
    <subfield code="u">Heidelberg, Max Planck Inst.</subfield>
    <subfield code="u">IJCLab, Orsay</subfield>
    <subfield code="v">Max-Planck-Institut für Kernphysik, Saupfercheckweg 1, 69117 Heidelberg, Germany</subfield>
    <subfield code="v">Université Paris-Saclay, CNRS-IN2P3, IJCLab, 91405 Orsay, France</subfield>
  </datafield>
  <datafield tag="700" ind1=" " ind2=" ">
    <subfield code="a">Sanamyan, G.</subfield>
    <subfield code="u">Queensland U.</subfield>
    <subfield code="v">School of Mathematics and Physics, The University of Queensland, Brisbane QLD 4072, Australia</subfield>
  </datafield>
  <datafield tag="700" ind1=" " ind2=" ">
    <subfield code="a">Stroberg, S.R.</subfield>
    <subfield code="u">Washington U., Seattle</subfield>
    <subfield code="u">NIST, Boulder</subfield>
    <subfield code="v">Department of Physics, University of Washington, Seattle, WA, USA</subfield>
  </datafield>
  <datafield tag="700" ind1=" " ind2=" ">
    <subfield code="a">Utsuno, Y.</subfield>
    <subfield code="u">Tokyo U.</subfield>
    <subfield code="u">JAEA, Ibaraki</subfield>
    <subfield code="v">Center for Nuclear Study, The University of Tokyo, 7-3-1 Hongo, Bunkyo-ku, Tokyo 113-0033, Japan</subfield>
    <subfield code="v">Advanced Science Research Center, Japan Atomic Energy Agency, Tokai, Ibaraki 319-1195, Japan</subfield>
  </datafield>
  <datafield tag="700" ind1=" " ind2=" ">
    <subfield code="a">Yang, X.F.</subfield>
    <subfield code="u">Peking U., SKLNPT</subfield>
    <subfield code="v">School of Physics and State Key Laboratory of Nuclear Physics and Technology, Peking University, Beijing 10871, China</subfield>
  </datafield>
  <datafield tag="700" ind1=" " ind2=" ">
    <subfield code="a">Yordanov, D.T.</subfield>
    <subfield code="u">IJCLab, Orsay</subfield>
    <subfield code="v">Université Paris-Saclay, CNRS-IN2P3, IJCLab, 91405 Orsay, France</subfield>
  </datafield>
  <datafield tag="773" ind1=" " ind2=" ">
    <subfield code="c">138278</subfield>
    <subfield code="m">publication</subfield>
    <subfield code="y">2023</subfield>
    <subfield code="p">Phys. Lett. B</subfield>
    <subfield code="v">847</subfield>
  </datafield>
  <datafield tag="856" ind1="4" ind2=" ">
    <subfield code="8">2496304</subfield>
    <subfield code="s">26227</subfield>
    <subfield code="u">http://cds.cern.ch/record/2882324/files/prl_mu.png</subfield>
    <subfield code="y">00002 Magnetic moments of (a) odd-even and (b) odd-odd $^{112-133}$Sb isotopes in comparison to shell-model and \textit{ab initio} calculations within the VS-IMSRG framework and the EM1.8/2.0 nuclear interaction. $\mu_\text{sp}$ indicates the single-particle value for the respective orbital. (sdg) includes the proton orbitals $\{0g_{9/2}, 0g_{7/2}, 1d_{5/2}, 2s_{1/2}, 1d_{3/2}\}$ and (sdg7) the same except $0g_{9/2}$, see \figref{fig:orbitals}. ``eff'' means that the effective $g$-factors $g_{\text{s,eff}}=0.6g_{\text{s}}$, $g_{\text{l,}\pi}=1.11$ and $g_{\text{l},\nu}=-0.02$ from the shell-model calculations were used instead of the renormalization of the operator. Literature values are taken from Refs.~\cite{Proctor1951,Fernando1960,Jackson1968,Krane1972,EKSTROM1974,CALLAGHAN1974,Ketel1976,Langouche1976,Booth1993,Lindroos1996,Stone1997,Stone2019}. Note that the second literature value of $^{121}$Sb is the first excited $7/2^+$ state (not observed in this work due to its short half-life).</subfield>
  </datafield>
  <datafield tag="856" ind1="4" ind2=" ">
    <subfield code="8">2496305</subfield>
    <subfield code="s">389510</subfield>
    <subfield code="u">http://cds.cern.ch/record/2882324/files/2311.01110.pdf</subfield>
    <subfield code="y">Fulltext</subfield>
  </datafield>
  <datafield tag="856" ind1="4" ind2=" ">
    <subfield code="8">2496306</subfield>
    <subfield code="s">19893</subfield>
    <subfield code="u">http://cds.cern.ch/record/2882324/files/113Sb.png</subfield>
    <subfield code="y">00000 Hyperfine spectrum of $^{113}$Sb in the $5s^25p^3\ ^4\text{S}_{3/2} \rightarrow 5s^25p^26s\ ^4\text{P}_{3/2}$ transition including a scheme of the hyperfine splitting. The frequency is given as an offset from the transition frequency (45945.340(5)\,cm$^{-1}$ \cite{NIST_ASD}).</subfield>
  </datafield>
  <datafield tag="856" ind1="4" ind2=" ">
    <subfield code="8">2496307</subfield>
    <subfield code="s">13865</subfield>
    <subfield code="u">http://cds.cern.ch/record/2882324/files/orbitals.png</subfield>
    <subfield code="y">00001 Relevant orbitals for the Sb isotopic chain. All calculation methods include the full neutron $N=50-82$ valence space. For the shell-model calculations also the full proton $Z=50-82$ valence space (dashed) is used, while for the \textit{ab initio} calculations either the sdg7 (dash-dot) or sdg (full line) valence space is employed.</subfield>
  </datafield>
  <datafield tag="856" ind1="4" ind2=" ">
    <subfield code="8">2496308</subfield>
    <subfield code="s">24703</subfield>
    <subfield code="u">http://cds.cern.ch/record/2882324/files/prl_Q.png</subfield>
    <subfield code="y">00003 Quadrupole moments of (a) odd-even and (b) odd-odd $^{112-133}$Sb isotopes in comparison to shell-model and \textit{ab initio} calculations within the VS-IMSRG framework and the EM1.8/2.0 nuclear interaction. (sdg) includes the proton orbitals $\{0g_{9/2}, 0g_{7/2}, 1d_{5/2}, 2s_{1/2}, 1d_{3/2}\}$ and (sdg7) the same except $0g_{9/2}$, see \figref{fig:orbitals}. ``eff'' means that the effective charges $e_{\pi}=1.6$ and $e_{\nu}=1.05$ from the shell-model calculations were used instead of the renormalization of the operator. Literature values are taken from Refs.~\cite{Jackson1968,EKSTROM1974,Mahnke1982,Haiduke2006,STONE2016}.</subfield>
  </datafield>
  <datafield tag="856" ind1="4" ind2=" ">
    <subfield code="8">2496799</subfield>
    <subfield code="s">852331</subfield>
    <subfield code="u">http://cds.cern.ch/record/2882324/files/Publication.pdf</subfield>
    <subfield code="y">Fulltext</subfield>
  </datafield>
  <datafield tag="960" ind1=" " ind2=" ">
    <subfield code="a">13</subfield>
  </datafield>
  <datafield tag="980" ind1=" " ind2=" ">
    <subfield code="a">ARTICLE</subfield>
  </datafield>
</record>