
<record>
  <controlfield tag="001">2882322</controlfield>
  <controlfield tag="005">20240124052833.0</controlfield>
  <datafield tag="024" ind1="8" ind2=" ">
    <subfield code="a">oai:cds.cern.ch:2882322</subfield>
    <subfield code="p">cerncds:FULLTEXT</subfield>
    <subfield code="p">cerncds:CERN:FULLTEXT</subfield>
    <subfield code="p">cerncds:CERN</subfield>
  </datafield>
  <datafield tag="024" ind1="7" ind2=" ">
    <subfield code="2">DOI</subfield>
    <subfield code="9">APS</subfield>
    <subfield code="a">10.1103/PhysRevD.108.112008</subfield>
    <subfield code="q">publication</subfield>
  </datafield>
  <datafield tag="035" ind1=" " ind2=" ">
    <subfield code="9">arXiv</subfield>
    <subfield code="a">oai:arXiv.org:2309.05410</subfield>
  </datafield>
  <datafield tag="035" ind1=" " ind2=" ">
    <subfield code="a">oai:inspirehep.net:2696141</subfield>
    <subfield code="u">https://inspirehep.net/api/oai2d</subfield>
    <subfield code="9">Inspire</subfield>
    <subfield code="d">2024-01-22T14:27:45Z</subfield>
    <subfield code="h">2024-01-24T03:01:19Z</subfield>
    <subfield code="m">marcxml</subfield>
    <subfield code="t">true</subfield>
  </datafield>
  <datafield tag="035" ind1=" " ind2=" ">
    <subfield code="9">Inspire</subfield>
    <subfield code="a">2696141</subfield>
  </datafield>
  <datafield tag="037" ind1=" " ind2=" ">
    <subfield code="9">arXiv</subfield>
    <subfield code="a">arXiv:2309.05410</subfield>
    <subfield code="c">hep-ph</subfield>
  </datafield>
  <datafield tag="041" ind1=" " ind2=" ">
    <subfield code="a">eng</subfield>
  </datafield>
  <datafield tag="100" ind1=" " ind2=" ">
    <subfield code="a">Ershova, A.</subfield>
    <subfield code="j">ORCID:0000-0001-6335-2343</subfield>
    <subfield code="u">IRFU, Saclay</subfield>
    <subfield code="v">IRFU, CEA, Université Paris-Saclay, F-91191 Gif-sur-Yvette, France</subfield>
  </datafield>
  <datafield tag="245" ind1=" " ind2=" ">
    <subfield code="9">APS</subfield>
    <subfield code="a">Role of deexcitation in the final-state interactions of protons in neutrino-nucleus interactions</subfield>
  </datafield>
  <datafield tag="246" ind1=" " ind2=" ">
    <subfield code="9">arXiv</subfield>
    <subfield code="a">The role of de-excitation in the final-state interactions of protons in neutrino-nucleus interactions</subfield>
  </datafield>
  <datafield tag="260" ind1=" " ind2=" ">
    <subfield code="c">2023-12-01</subfield>
  </datafield>
  <datafield tag="269" ind1=" " ind2=" ">
    <subfield code="c">2023-09-11</subfield>
  </datafield>
  <datafield tag="300" ind1=" " ind2=" ">
    <subfield code="a">14 p</subfield>
  </datafield>
  <datafield tag="520" ind1=" " ind2=" ">
    <subfield code="9">APS</subfield>
    <subfield code="a">Present and next generation of long-baseline accelerator experiments are bringing the measurement of neutrino oscillations into the precision era with ever-increasing statistics. One of the most challenging aspects of achieving such measurements is developing relevant systematic uncertainties in the modeling of nuclear effects in neutrino-nucleus interactions. To address this problem, state-of-the-art detectors are being developed to extract detailed information about all particles produced in neutrino interactions. To fully profit from these experimental advancements, it is essential to have reliable models of propagation of the outgoing hadrons through nuclear matter able to predict how the energy is distributed between all the final-state observed particles. In this article, we investigate the role of nuclear deexcitation in neutrino-nucleus scattering using two Monte Carlo cascade models: NuWro and INCL coupled with the deexcitation code ABLA. The ablation model ABLA is used here for the first time to model deexcitation in neutrino interactions. As input to ABLA, we develop a consistent simulation of nuclear excitation energy tuned to electron-scattering data. The paper includes the characterization of the leading proton kinematics and of the nuclear cluster production during cascade and deexcitation. The observability of nuclear clusters as vertex activity and their role in a precise neutrino energy reconstruction is quantified.</subfield>
  </datafield>
  <datafield tag="520" ind1=" " ind2=" ">
    <subfield code="9">arXiv</subfield>
    <subfield code="a">Present and next generation of long-baseline accelerator experiments are bringing the measurement of neutrino oscillations into the precision era with ever-increasing statistics. One of the most challenging aspects of achieving such measurements is developing relevant systematic uncertainties in the modeling of nuclear effects in neutrino-nucleus interactions. To address this problem, state-of-the-art detectors are being developed to extract detailed information about all particles produced in neutrino interactions. To fully profit from these experimental advancements, it is essential to have reliable models of propagation of the outgoing hadrons through nuclear matter able to predict how the energy is distributed between all the final-state observed particles. In this article, we investigate the role of nuclear de-excitation in neutrino-nucleus scattering using two Monte Carlo cascade models: NuWro and INCL coupled with the de-excitation code ABLA. The ablation model ABLA is used here for the first time to model de-excitation in neutrino interactions. As input to ABLA, we develop a consistent simulation of nuclear excitation energy tuned to electron-scattering data. The paper includes the characterization of the leading proton kinematics and of the nuclear cluster production during cascade and de-excitation. The observability of nuclear clusters as vertex activity and their role in a precise neutrino energy reconstruction is quantified.</subfield>
  </datafield>
  <datafield tag="540" ind1=" " ind2=" ">
    <subfield code="3">preprint</subfield>
    <subfield code="a">arXiv nonexclusive-distrib 1.0</subfield>
    <subfield code="u">http://arxiv.org/licenses/nonexclusive-distrib/1.0/</subfield>
  </datafield>
  <datafield tag="540" ind1=" " ind2=" ">
    <subfield code="3">publication</subfield>
    <subfield code="a">CC BY 4.0</subfield>
    <subfield code="f">SCOAP3</subfield>
    <subfield code="u">https://creativecommons.org/licenses/by/4.0/</subfield>
  </datafield>
  <datafield tag="542" ind1=" " ind2=" ">
    <subfield code="3">publication</subfield>
    <subfield code="d">authors</subfield>
    <subfield code="g">2023</subfield>
  </datafield>
  <datafield tag="595" ind1=" " ind2=" ">
    <subfield code="c">HAL</subfield>
  </datafield>
  <datafield tag="595" ind1=" " ind2="D">
    <subfield code="a">Z</subfield>
    <subfield code="d">2023-09-14</subfield>
    <subfield code="s">abs</subfield>
  </datafield>
  <datafield tag="595" ind1=" " ind2="D">
    <subfield code="a">Z</subfield>
    <subfield code="d">2023-09-19</subfield>
    <subfield code="s">printed</subfield>
  </datafield>
  <datafield tag="650" ind1="1" ind2="7">
    <subfield code="2">arXiv</subfield>
    <subfield code="a">hep-ex</subfield>
  </datafield>
  <datafield tag="650" ind1="1" ind2="7">
    <subfield code="2">SzGeCERN</subfield>
    <subfield code="a">Particle Physics - Experiment</subfield>
  </datafield>
  <datafield tag="650" ind1="1" ind2="7">
    <subfield code="2">arXiv</subfield>
    <subfield code="a">hep-ph</subfield>
  </datafield>
  <datafield tag="650" ind1="1" ind2="7">
    <subfield code="2">SzGeCERN</subfield>
    <subfield code="a">Particle Physics - Phenomenology</subfield>
  </datafield>
  <datafield tag="690" ind1="C" ind2=" ">
    <subfield code="a">CERN</subfield>
  </datafield>
  <datafield tag="690" ind1="C" ind2=" ">
    <subfield code="a">ARTICLE</subfield>
  </datafield>
  <datafield tag="700" ind1=" " ind2=" ">
    <subfield code="a">Niewczas, K.</subfield>
    <subfield code="j">ORCID:0000-0001-9109-197X</subfield>
    <subfield code="u">Wroclaw U.</subfield>
    <subfield code="u">Gent U.</subfield>
    <subfield code="v">Department of Physics and Astronomy, Ghent University, Proeftuinstraat 86, B-9000 Gent, Belgium</subfield>
    <subfield code="v">University of Wrocław, Institute of Theoretical Physics, Plac Maxa Borna 9, 50-204 Wrocław, Poland</subfield>
  </datafield>
  <datafield tag="700" ind1=" " ind2=" ">
    <subfield code="a">Bolognesi, S.</subfield>
    <subfield code="u">IRFU, Saclay</subfield>
    <subfield code="v">IRFU, CEA, Université Paris-Saclay, F-91191 Gif-sur-Yvette, France</subfield>
  </datafield>
  <datafield tag="700" ind1=" " ind2=" ">
    <subfield code="a">Letourneau, A.</subfield>
    <subfield code="j">ORCID:0000-0001-8935-0303</subfield>
    <subfield code="u">IRFU, Saclay</subfield>
    <subfield code="v">IRFU, CEA, Université Paris-Saclay, F-91191 Gif-sur-Yvette, France</subfield>
  </datafield>
  <datafield tag="700" ind1=" " ind2=" ">
    <subfield code="a">David, J.-C.</subfield>
    <subfield code="j">ORCID:0000-0002-8463-9009</subfield>
    <subfield code="u">IRFU, Saclay</subfield>
    <subfield code="v">IRFU, CEA, Université Paris-Saclay, F-91191 Gif-sur-Yvette, France</subfield>
  </datafield>
  <datafield tag="700" ind1=" " ind2=" ">
    <subfield code="a">Rodríguez-Sánchez, J.L.</subfield>
    <subfield code="j">ORCID:0000-0002-4702-5294</subfield>
    <subfield code="u">La Coruna U.</subfield>
    <subfield code="v">CITENI, Campus Industrial de Ferrol, Universidade da Coruña, E-15403 Ferrol, Spain</subfield>
  </datafield>
  <datafield tag="700" ind1=" " ind2=" ">
    <subfield code="a">Sobczyk, J.T.</subfield>
    <subfield code="u">Wroclaw U.</subfield>
    <subfield code="v">University of Wrocław, Institute of Theoretical Physics, Plac Maxa Borna 9, 50-204 Wrocław, Poland</subfield>
  </datafield>
  <datafield tag="700" ind1=" " ind2=" ">
    <subfield code="a">Blanchet, A.</subfield>
    <subfield code="j">ORCID:0000-0002-4992-0161</subfield>
    <subfield code="u">Geneva U.</subfield>
    <subfield code="v">University of Geneva, Section de Physique, DPNC, 1205 Geneva, Switzerland</subfield>
  </datafield>
  <datafield tag="700" ind1=" " ind2=" ">
    <subfield code="a">Avanzini, M. Buizza</subfield>
    <subfield code="j">ORCID:0000-0003-1427-7572</subfield>
    <subfield code="u">LLR, Palaiseau</subfield>
    <subfield code="v">Laboratoire Leprince-Ringuet, CNRS, Ecole polytechnique, Institut Polytechnique de Paris, F-91120 Palaiseau, France</subfield>
  </datafield>
  <datafield tag="700" ind1=" " ind2=" ">
    <subfield code="a">Chakrani, J.</subfield>
    <subfield code="u">LLR, Palaiseau</subfield>
    <subfield code="v">Laboratoire Leprince-Ringuet, CNRS, Ecole polytechnique, Institut Polytechnique de Paris, F-91120 Palaiseau, France</subfield>
  </datafield>
  <datafield tag="700" ind1=" " ind2=" ">
    <subfield code="a">Cugnon, J.</subfield>
    <subfield code="u">Liege U.</subfield>
    <subfield code="v">AGO department, University of Liège, allée du 6 août 19, bâtiment B5, B-4000 Liège, Belgium</subfield>
  </datafield>
  <datafield tag="700" ind1=" " ind2=" ">
    <subfield code="a">Dolan, S.</subfield>
    <subfield code="u">CERN</subfield>
    <subfield code="v">European Organization for Nuclear Research (CERN), 1211 Geneva 23, Switzerland</subfield>
  </datafield>
  <datafield tag="700" ind1=" " ind2=" ">
    <subfield code="a">Giganti, C.</subfield>
    <subfield code="j">ORCID:0000-0002-9543-2345</subfield>
    <subfield code="u">LPNHE, Paris</subfield>
    <subfield code="v">LPNHE, Sorbonne Université, CNRS/IN2P3, Paris, France</subfield>
  </datafield>
  <datafield tag="700" ind1=" " ind2=" ">
    <subfield code="a">Hassani, S.</subfield>
    <subfield code="j">ORCID:0000-0002-2834-5110</subfield>
    <subfield code="u">IRFU, Saclay</subfield>
    <subfield code="v">IRFU, CEA, Université Paris-Saclay, F-91191 Gif-sur-Yvette, France</subfield>
  </datafield>
  <datafield tag="700" ind1=" " ind2=" ">
    <subfield code="a">Hirtz, J.</subfield>
    <subfield code="j">ORCID:0000-0002-8594-6756</subfield>
    <subfield code="u">IRFU, Saclay</subfield>
    <subfield code="v">IRFU, CEA, Université Paris-Saclay, F-91191 Gif-sur-Yvette, France</subfield>
  </datafield>
  <datafield tag="700" ind1=" " ind2=" ">
    <subfield code="a">Joshi, S.</subfield>
    <subfield code="j">ORCID:0009-0009-0713-7361</subfield>
    <subfield code="u">IRFU, Saclay</subfield>
    <subfield code="v">IRFU, CEA, Université Paris-Saclay, F-91191 Gif-sur-Yvette, France</subfield>
  </datafield>
  <datafield tag="700" ind1=" " ind2=" ">
    <subfield code="a">Juszczak, C.</subfield>
    <subfield code="j">ORCID:0000-0003-2754-6954</subfield>
    <subfield code="u">Wroclaw U.</subfield>
    <subfield code="v">University of Wrocław, Institute of Theoretical Physics, Plac Maxa Borna 9, 50-204 Wrocław, Poland</subfield>
  </datafield>
  <datafield tag="700" ind1=" " ind2=" ">
    <subfield code="a">Munteanu, L.</subfield>
    <subfield code="j">ORCID:0000-0002-2074-8898</subfield>
    <subfield code="u">CERN</subfield>
    <subfield code="v">European Organization for Nuclear Research (CERN), 1211 Geneva 23, Switzerland</subfield>
  </datafield>
  <datafield tag="700" ind1=" " ind2=" ">
    <subfield code="a">Sgalaberna, D.</subfield>
    <subfield code="j">ORCID:0000-0001-6205-5013</subfield>
    <subfield code="u">ETH, Zurich (main)</subfield>
    <subfield code="v">ETH Zurich, Institute for Particle Physics and Astrophysics, 8092 Zurich, Switzerland</subfield>
  </datafield>
  <datafield tag="700" ind1=" " ind2=" ">
    <subfield code="a">Yevarouskaya, U.</subfield>
    <subfield code="u">LPNHE, Paris</subfield>
    <subfield code="v">LPNHE, Sorbonne Université, CNRS/IN2P3, Paris, France</subfield>
  </datafield>
  <datafield tag="773" ind1=" " ind2=" ">
    <subfield code="c">112008</subfield>
    <subfield code="m">publication</subfield>
    <subfield code="n">11</subfield>
    <subfield code="p">Phys. Rev. D</subfield>
    <subfield code="v">108</subfield>
    <subfield code="y">2023</subfield>
  </datafield>
  <datafield tag="856" ind1="4" ind2=" ">
    <subfield code="8">2496261</subfield>
    <subfield code="s">28551</subfield>
    <subfield code="u">http://cds.cern.ch/record/2882322/files/Estar_comp_data.png</subfield>
    <subfield code="y">00004 Top: excitation energy of the nuclear remnant after neutrino interactions. "SF" is the calculation in the pure PWIA approach, while "SF+INCL" is the result after the cascade, as described in the text. Bottom: excitation energy of the nuclear remnant after neutrino interactions for $169.5 &lt; p_m &lt; 174.5$~MeV, as presented in Ref.~\cite{VanDerSteenhoven:1988um}. Data are digitalized from Ref.~\cite{VanDerSteenhoven:1988um}. The s-shell contribution is approximated with a linear fit. The first three peaks were included in the model, while the next three were neglected.</subfield>
  </datafield>
  <datafield tag="856" ind1="4" ind2=" ">
    <subfield code="8">2496262</subfield>
    <subfield code="s">60906</subfield>
    <subfield code="u">http://cds.cern.ch/record/2882322/files/dalphat_stacked_INCL36_1.png</subfield>
    <subfield code="y">00014 $\dalphat$ (left) and $\dpt$ (right) simulated with INCL (top), INCL+ABLA (middle), and NuWro (bottom) models for CCQE events and T2K neutrino flux.</subfield>
  </datafield>
  <datafield tag="856" ind1="4" ind2=" ">
    <subfield code="8">2496263</subfield>
    <subfield code="s">14605</subfield>
    <subfield code="u">http://cds.cern.ch/record/2882322/files/dat_MINERvA.png</subfield>
    <subfield code="y">00019 $\dalphat$ simulated with INCL, INCL+ABLA and NuWro comparison to the T2K (top) and MINER$\nu$A (bottom) data.</subfield>
  </datafield>
  <datafield tag="856" ind1="4" ind2=" ">
    <subfield code="8">2496264</subfield>
    <subfield code="s">13147</subfield>
    <subfield code="u">http://cds.cern.ch/record/2882322/files/ABLA_FSI.png</subfield>
    <subfield code="y">00023 Shape comparison of the neutrino energy reconstruction. Top: all events simulated with NuWro, INCL, and INCL+ABLA, neutrino energy reconstruction using all outgoing particles; middle: INCL+ABLA simulation of the FSI events with proton and muon only and with all outgoing particles; bottom: INCL+ABLA simulation of the no FSI events with proton and muon only and with all outgoing particles.</subfield>
  </datafield>
  <datafield tag="856" ind1="4" ind2=" ">
    <subfield code="8">2496265</subfield>
    <subfield code="s">99079</subfield>
    <subfield code="u">http://cds.cern.ch/record/2882322/files/proton_mom_bef_stacked_INCL36_0.png</subfield>
    <subfield code="y">00005 Proton momentum before (left) and after (right) FSI in CCQE events with T2K neutrino energy flux. Top: INCL, middle: INCL + ABLA, bottom: NuWro SF. The shape of proton momentum before FSI is by definition identical for INCL and NuWro cascades. The 0 proton channel in NuWro includes muon only and pion and neutron production. There is no cluster production in NuWro.</subfield>
  </datafield>
  <datafield tag="856" ind1="4" ind2=" ">
    <subfield code="8">2496266</subfield>
    <subfield code="s">95812</subfield>
    <subfield code="u">http://cds.cern.ch/record/2882322/files/proton_mom_bef_stacked_INCL36_1.png</subfield>
    <subfield code="y">00007 Proton momentum before (left) and after (right) FSI in CCQE events with T2K neutrino energy flux. Top: INCL, middle: INCL + ABLA, bottom: NuWro SF. The shape of proton momentum before FSI is by definition identical for INCL and NuWro cascades. The 0 proton channel in NuWro includes muon only and pion and neutron production. There is no cluster production in NuWro.</subfield>
  </datafield>
  <datafield tag="856" ind1="4" ind2=" ">
    <subfield code="8">2496267</subfield>
    <subfield code="s">13417</subfield>
    <subfield code="u">http://cds.cern.ch/record/2882322/files/enurec.png</subfield>
    <subfield code="y">00022 Shape comparison of the neutrino energy reconstruction. Top: all events simulated with NuWro, INCL, and INCL+ABLA, neutrino energy reconstruction using all outgoing particles; middle: INCL+ABLA simulation of the FSI events with proton and muon only and with all outgoing particles; bottom: INCL+ABLA simulation of the no FSI events with proton and muon only and with all outgoing particles.</subfield>
  </datafield>
  <datafield tag="856" ind1="4" ind2=" ">
    <subfield code="8">2496268</subfield>
    <subfield code="s">36218</subfield>
    <subfield code="u">http://cds.cern.ch/record/2882322/files/VA_all_log36.png</subfield>
    <subfield code="y">00025 Total visible energy deposited by all particles in the event obtained with the Geant4 simulation of the CH cube in the 1(3)~cm sphere around the neutrino vertex.</subfield>
  </datafield>
  <datafield tag="856" ind1="4" ind2=" ">
    <subfield code="8">2496269</subfield>
    <subfield code="s">15499</subfield>
    <subfield code="u">http://cds.cern.ch/record/2882322/files/missing_energy_sf.png</subfield>
    <subfield code="y">00002 Missing energy profile extracted from the hole spectral function of Carbon~\cite{BENHAR1994493}. The area under the "SF profile" distribution is normalized to one. The highlighted area, labelled "$1p_{3/2}$", represents the expected contribution of valence nucleons, as described in the text.</subfield>
  </datafield>
  <datafield tag="856" ind1="4" ind2=" ">
    <subfield code="8">2496270</subfield>
    <subfield code="s">1598531</subfield>
    <subfield code="u">http://cds.cern.ch/record/2882322/files/2309.05410.pdf</subfield>
    <subfield code="y">Fulltext</subfield>
  </datafield>
  <datafield tag="856" ind1="4" ind2=" ">
    <subfield code="8">2496271</subfield>
    <subfield code="s">11969</subfield>
    <subfield code="u">http://cds.cern.ch/record/2882322/files/Estarafter_fsi_incl.png</subfield>
    <subfield code="y">00003 Top: excitation energy of the nuclear remnant after neutrino interactions. "SF" is the calculation in the pure PWIA approach, while "SF+INCL" is the result after the cascade, as described in the text. Bottom: excitation energy of the nuclear remnant after neutrino interactions for $169.5 &lt; p_m &lt; 174.5$~MeV, as presented in Ref.~\cite{VanDerSteenhoven:1988um}. Data are digitalized from Ref.~\cite{VanDerSteenhoven:1988um}. The s-shell contribution is approximated with a linear fit. The first three peaks were included in the model, while the next three were neglected.</subfield>
  </datafield>
  <datafield tag="856" ind1="4" ind2=" ">
    <subfield code="8">2496272</subfield>
    <subfield code="s">81437</subfield>
    <subfield code="u">http://cds.cern.ch/record/2882322/files/proton_mom_aft_stacked_NuWro21.png</subfield>
    <subfield code="y">00010 Proton momentum before (left) and after (right) FSI in CCQE events with T2K neutrino energy flux. Top: INCL, middle: INCL + ABLA, bottom: NuWro SF. The shape of proton momentum before FSI is by definition identical for INCL and NuWro cascades. The 0 proton channel in NuWro includes muon only and pion and neutron production. There is no cluster production in NuWro.</subfield>
  </datafield>
  <datafield tag="856" ind1="4" ind2=" ">
    <subfield code="8">2496273</subfield>
    <subfield code="s">9079</subfield>
    <subfield code="u">http://cds.cern.ch/record/2882322/files/VAabla_gnuplot.png</subfield>
    <subfield code="y">00027 Average vertex activity as a fraction of the initial neutrino energy depending on the neutrino energy, simulated with NuWro (top) and INCL+ABLA (bottom). The leading proton and muon are not considered. The bands correspond to the standard deviation uncertainty.</subfield>
  </datafield>
  <datafield tag="856" ind1="4" ind2=" ">
    <subfield code="8">2496274</subfield>
    <subfield code="s">90117</subfield>
    <subfield code="u">http://cds.cern.ch/record/2882322/files/proton_mom_aft_stacked_INCL36_0.png</subfield>
    <subfield code="y">00006 Proton momentum before (left) and after (right) FSI in CCQE events with T2K neutrino energy flux. Top: INCL, middle: INCL + ABLA, bottom: NuWro SF. The shape of proton momentum before FSI is by definition identical for INCL and NuWro cascades. The 0 proton channel in NuWro includes muon only and pion and neutron production. There is no cluster production in NuWro.</subfield>
  </datafield>
  <datafield tag="856" ind1="4" ind2=" ">
    <subfield code="8">2496275</subfield>
    <subfield code="s">94032</subfield>
    <subfield code="u">http://cds.cern.ch/record/2882322/files/proton_mom_aft_stacked_INCL36_1.png</subfield>
    <subfield code="y">00008 Proton momentum before (left) and after (right) FSI in CCQE events with T2K neutrino energy flux. Top: INCL, middle: INCL + ABLA, bottom: NuWro SF. The shape of proton momentum before FSI is by definition identical for INCL and NuWro cascades. The 0 proton channel in NuWro includes muon only and pion and neutron production. There is no cluster production in NuWro.</subfield>
  </datafield>
  <datafield tag="856" ind1="4" ind2=" ">
    <subfield code="8">2496276</subfield>
    <subfield code="s">116593</subfield>
    <subfield code="u">http://cds.cern.ch/record/2882322/files/new_color2.png</subfield>
    <subfield code="y">00000 Top: nuclear transparency of $^{12}$C (ratio of a number of events without FSI to all events) depending on the position of the neutrino interaction inside the nucleus, simulated with INCL. The y-coordinate is averaged out to the 5 slices. The direction of the Z-axis corresponds to the neutrino direction. The center of the coordinate system is in the center of the nucleus. Bottom: nuclear transparency of $^{12}$C simulated with INCL and NuWro. The direction of the Z-axis corresponds to the outgoing proton direction. The center of the coordinate system is in the center of the nucleus. The solid lines are digitized from~\cite{Pandharipande:1992zz}.</subfield>
  </datafield>
  <datafield tag="856" ind1="4" ind2=" ">
    <subfield code="8">2496277</subfield>
    <subfield code="s">13914</subfield>
    <subfield code="u">http://cds.cern.ch/record/2882322/files/dat.png</subfield>
    <subfield code="y">00018 $\dalphat$ simulated with INCL, INCL+ABLA and NuWro comparison to the T2K (top) and MINER$\nu$A (bottom) data.</subfield>
  </datafield>
  <datafield tag="856" ind1="4" ind2=" ">
    <subfield code="8">2496278</subfield>
    <subfield code="s">33218</subfield>
    <subfield code="u">http://cds.cern.ch/record/2882322/files/Transparency.png</subfield>
    <subfield code="y">00001 Top: nuclear transparency of $^{12}$C (ratio of a number of events without FSI to all events) depending on the position of the neutrino interaction inside the nucleus, simulated with INCL. The y-coordinate is averaged out to the 5 slices. The direction of the Z-axis corresponds to the neutrino direction. The center of the coordinate system is in the center of the nucleus. Bottom: nuclear transparency of $^{12}$C simulated with INCL and NuWro. The direction of the Z-axis corresponds to the outgoing proton direction. The center of the coordinate system is in the center of the nucleus. The solid lines are digitized from~\cite{Pandharipande:1992zz}.</subfield>
  </datafield>
  <datafield tag="856" ind1="4" ind2=" ">
    <subfield code="8">2496279</subfield>
    <subfield code="s">66524</subfield>
    <subfield code="u">http://cds.cern.ch/record/2882322/files/dalphat_stacked_INCL36_0.png</subfield>
    <subfield code="y">00012 $\dalphat$ (left) and $\dpt$ (right) simulated with INCL (top), INCL+ABLA (middle), and NuWro (bottom) models for CCQE events and T2K neutrino flux.</subfield>
  </datafield>
  <datafield tag="856" ind1="4" ind2=" ">
    <subfield code="8">2496280</subfield>
    <subfield code="s">72986</subfield>
    <subfield code="u">http://cds.cern.ch/record/2882322/files/dpt_stacked_stacked_INCL36_1.png</subfield>
    <subfield code="y">00015 $\dalphat$ (left) and $\dpt$ (right) simulated with INCL (top), INCL+ABLA (middle), and NuWro (bottom) models for CCQE events and T2K neutrino flux.</subfield>
  </datafield>
  <datafield tag="856" ind1="4" ind2=" ">
    <subfield code="8">2496281</subfield>
    <subfield code="s">69605</subfield>
    <subfield code="u">http://cds.cern.ch/record/2882322/files/dpt_stacked_stacked_INCL36_0.png</subfield>
    <subfield code="y">00013 $\dalphat$ (left) and $\dpt$ (right) simulated with INCL (top), INCL+ABLA (middle), and NuWro (bottom) models for CCQE events and T2K neutrino flux.</subfield>
  </datafield>
  <datafield tag="856" ind1="4" ind2=" ">
    <subfield code="8">2496282</subfield>
    <subfield code="s">54733</subfield>
    <subfield code="u">http://cds.cern.ch/record/2882322/files/dalphat_stacked_NuWro21.png</subfield>
    <subfield code="y">00016 $\dalphat$ (left) and $\dpt$ (right) simulated with INCL (top), INCL+ABLA (middle), and NuWro (bottom) models for CCQE events and T2K neutrino flux.</subfield>
  </datafield>
  <datafield tag="856" ind1="4" ind2=" ">
    <subfield code="8">2496283</subfield>
    <subfield code="s">8834</subfield>
    <subfield code="u">http://cds.cern.ch/record/2882322/files/VAnuwro_gnuplot.png</subfield>
    <subfield code="y">00026 Average vertex activity as a fraction of the initial neutrino energy depending on the neutrino energy, simulated with NuWro (top) and INCL+ABLA (bottom). The leading proton and muon are not considered. The bands correspond to the standard deviation uncertainty.</subfield>
  </datafield>
  <datafield tag="856" ind1="4" ind2=" ">
    <subfield code="8">2496284</subfield>
    <subfield code="s">85100</subfield>
    <subfield code="u">http://cds.cern.ch/record/2882322/files/proton_mom_bef_stacked_NuWro21.png</subfield>
    <subfield code="y">00009 Proton momentum before (left) and after (right) FSI in CCQE events with T2K neutrino energy flux. Top: INCL, middle: INCL + ABLA, bottom: NuWro SF. The shape of proton momentum before FSI is by definition identical for INCL and NuWro cascades. The 0 proton channel in NuWro includes muon only and pion and neutron production. There is no cluster production in NuWro.</subfield>
  </datafield>
  <datafield tag="856" ind1="4" ind2=" ">
    <subfield code="8">2496285</subfield>
    <subfield code="s">12010</subfield>
    <subfield code="u">http://cds.cern.ch/record/2882322/files/part_tot_superimposed.png</subfield>
    <subfield code="y">00011 Average number of particles produced per event for INCL, INCL coupled with ABLA and NuWro. NuWro produces only protons and neutrons.</subfield>
  </datafield>
  <datafield tag="856" ind1="4" ind2=" ">
    <subfield code="8">2496286</subfield>
    <subfield code="s">12298</subfield>
    <subfield code="u">http://cds.cern.ch/record/2882322/files/ABLA_no_FSI.png</subfield>
    <subfield code="y">00024 Shape comparison of the neutrino energy reconstruction. Top: all events simulated with NuWro, INCL, and INCL+ABLA, neutrino energy reconstruction using all outgoing particles; middle: INCL+ABLA simulation of the FSI events with proton and muon only and with all outgoing particles; bottom: INCL+ABLA simulation of the no FSI events with proton and muon only and with all outgoing particles.</subfield>
  </datafield>
  <datafield tag="856" ind1="4" ind2=" ">
    <subfield code="8">2496287</subfield>
    <subfield code="s">42221</subfield>
    <subfield code="u">http://cds.cern.ch/record/2882322/files/mom_36_1.png</subfield>
    <subfield code="y">00021 Momentum distribution of some particles produced during cascade and de-excitation.</subfield>
  </datafield>
  <datafield tag="856" ind1="4" ind2=" ">
    <subfield code="8">2496288</subfield>
    <subfield code="s">64815</subfield>
    <subfield code="u">http://cds.cern.ch/record/2882322/files/dpt_stacked_stacked_NuWro21.png</subfield>
    <subfield code="y">00017 $\dalphat$ (left) and $\dpt$ (right) simulated with INCL (top), INCL+ABLA (middle), and NuWro (bottom) models for CCQE events and T2K neutrino flux.</subfield>
  </datafield>
  <datafield tag="856" ind1="4" ind2=" ">
    <subfield code="8">2496289</subfield>
    <subfield code="s">8957</subfield>
    <subfield code="u">http://cds.cern.ch/record/2882322/files/ClusRatio_nuwro_gnuplot.png</subfield>
    <subfield code="y">00028 Average sum of the kinetic energy of all clusters, neutrons, and non-leading protons in the event as a fraction of the initial neutrino energy depending on the neutrino energy simulated with INCL+ABLA and NuWro. The bands correspond to the standard deviation uncertainty.</subfield>
  </datafield>
  <datafield tag="856" ind1="4" ind2=" ">
    <subfield code="8">2496290</subfield>
    <subfield code="s">17434</subfield>
    <subfield code="u">http://cds.cern.ch/record/2882322/files/dat_ratios.png</subfield>
    <subfield code="y">00020 $\dalphat$ simulated with INCL+ABLA (solid lines) and NuWro (dashed lines) with no cuts on muon angle ($\Theta_\mu$) and different options of detector acceptance for the leading proton momentum threshold ($p_p$). The bottom panel presents the ratios of NuWro and INCL+ABLA models for different cuts applied.</subfield>
  </datafield>
  <datafield tag="856" ind1="4" ind2=" ">
    <subfield code="8">2503826</subfield>
    <subfield code="s">9461370</subfield>
    <subfield code="u">http://cds.cern.ch/record/2882322/files/Publication.pdf</subfield>
    <subfield code="y">Fulltext</subfield>
  </datafield>
  <datafield tag="960" ind1=" " ind2=" ">
    <subfield code="a">13</subfield>
  </datafield>
  <datafield tag="980" ind1=" " ind2=" ">
    <subfield code="a">ARTICLE</subfield>
  </datafield>
</record>