
<record>
  <controlfield tag="001">2882311</controlfield>
  <controlfield tag="005">20240119045310.0</controlfield>
  <datafield tag="024" ind1="7" ind2=" ">
    <subfield code="2">DOI</subfield>
    <subfield code="9">IOP</subfield>
    <subfield code="a">10.1088/1475-7516/2023/11/086</subfield>
  </datafield>
  <datafield tag="024" ind1="8" ind2=" ">
    <subfield code="a">oai:cds.cern.ch:2882311</subfield>
    <subfield code="p">cerncds:FULLTEXT</subfield>
    <subfield code="p">cerncds:CERN:FULLTEXT</subfield>
    <subfield code="p">cerncds:CERN</subfield>
  </datafield>
  <datafield tag="035" ind1=" " ind2=" ">
    <subfield code="9">arXiv</subfield>
    <subfield code="a">oai:arXiv.org:2306.03031</subfield>
  </datafield>
  <datafield tag="035" ind1=" " ind2=" ">
    <subfield code="a">oai:inspirehep.net:2665943</subfield>
    <subfield code="u">https://inspirehep.net/api/oai2d</subfield>
    <subfield code="9">Inspire</subfield>
    <subfield code="d">2024-01-18T01:56:25Z</subfield>
    <subfield code="h">2024-01-19T03:00:32Z</subfield>
    <subfield code="m">marcxml</subfield>
    <subfield code="t">true</subfield>
  </datafield>
  <datafield tag="035" ind1=" " ind2=" ">
    <subfield code="9">Inspire</subfield>
    <subfield code="a">2665943</subfield>
  </datafield>
  <datafield tag="037" ind1=" " ind2=" ">
    <subfield code="9">arXiv</subfield>
    <subfield code="a">arXiv:2306.03031</subfield>
    <subfield code="c">astro-ph.CO</subfield>
  </datafield>
  <datafield tag="037" ind1=" " ind2=" ">
    <subfield code="9">arXiv:reportnumber</subfield>
    <subfield code="a">UTWI-20-2023</subfield>
  </datafield>
  <datafield tag="041" ind1=" " ind2=" ">
    <subfield code="a">eng</subfield>
  </datafield>
  <datafield tag="100" ind1=" " ind2=" ">
    <subfield code="a">Bosi, M.</subfield>
    <subfield code="u">Padua U.</subfield>
    <subfield code="v">Dipartimento di Fisica e Astronomia G. Galilei, Università degli Studi di Padova, via Marzolo 8, I-35131 Padova, Italy.</subfield>
  </datafield>
  <datafield tag="245" ind1=" " ind2=" ">
    <subfield code="9">IOP</subfield>
    <subfield code="a">Constraining extended cosmologies with GW×LSS cross-correlations</subfield>
  </datafield>
  <datafield tag="260" ind1=" " ind2=" ">
    <subfield code="c">2023-11-24</subfield>
  </datafield>
  <datafield tag="269" ind1=" " ind2=" ">
    <subfield code="c">2023-06-05</subfield>
  </datafield>
  <datafield tag="300" ind1=" " ind2=" ">
    <subfield code="a">12 p</subfield>
  </datafield>
  <datafield tag="500" ind1=" " ind2=" ">
    <subfield code="9">arXiv</subfield>
    <subfield code="a">34 pages, 7 figures. Matches the published version</subfield>
  </datafield>
  <datafield tag="520" ind1=" " ind2=" ">
    <subfield code="9">IOP</subfield>
    <subfield code="a">The rapid development of gravitational wave astronomy provides the unique opportunity ofexploring the dynamics of the Universe using clustering properties of coalescing binary black holemergers. Gravitational wave data, along with information coming from future galaxy surveys, havethe potential of shedding light about many open questions in Cosmology, including those regardingthe nature of dark matter and dark energy. In this work we explore which combination ofgravitational wave and galaxy survey datasets are able to provide the best constraints both onmodified gravity theories and on the nature of the very same binary black hole events. Inparticular, by using the public Boltzmann code Multi_CLASS, we compare cosmologicalconstraints on popular ΛCDM extensions coming from gravitational waves alone and inconjunction with either deep and localized or wide and shallow galaxy surveys. We show thatconstraints on extensions of General Relativity will be at the same level of existing limits fromgravitational waves alone or one order of magnitude better when galaxy surveys are included.Furthermore, cross-correlating both kind of galaxy survey with gravitational waves datasets willallow to confidently rule in or out primordial black holes as dark matter candidate in themajority of the allowed parameter space.</subfield>
  </datafield>
  <datafield tag="520" ind1=" " ind2=" ">
    <subfield code="9">arXiv</subfield>
    <subfield code="a">The rapid development of gravitational wave astronomy provides the unique opportunity of exploring the dynamics of the Universe using clustering properties of coalescing binary black hole mergers. Gravitational wave data, along with information coming from future galaxy surveys, have the potential of shedding light about many open questions in Cosmology, including those regarding the nature of dark matter and dark energy. In this work we explore which combination of gravitational wave and galaxy survey datasets are able to provide the best constraints both on modified gravity theories and on the nature of the very same binary black hole events. In particular, by using the public Boltzmann code \texttt{Multi\_CLASS}, we compare cosmological constraints on popular $\Lambda$CDM extensions coming from gravitational waves alone and in conjunction with either deep and localized or wide and shallow galaxy surveys. We show that constraints on extensions of General Relativity will be at the same level of existing limits from gravitational waves alone or one order of magnitude better when galaxy surveys are included. Furthermore, cross-correlating both kind of galaxy survey with gravitational waves datasets will allow to confidently rule in or out primordial black holes as dark matter candidate in the majority of the allowed parameter space.</subfield>
  </datafield>
  <datafield tag="540" ind1=" " ind2=" ">
    <subfield code="3">publication</subfield>
    <subfield code="a">CC-BY-4.0</subfield>
    <subfield code="b">IOP</subfield>
    <subfield code="u">http://creativecommons.org/licenses/by/4.0/</subfield>
  </datafield>
  <datafield tag="540" ind1=" " ind2=" ">
    <subfield code="3">preprint</subfield>
    <subfield code="a">arXiv nonexclusive-distrib 1.0</subfield>
    <subfield code="u">http://arxiv.org/licenses/nonexclusive-distrib/1.0/</subfield>
  </datafield>
  <datafield tag="541" ind1=" " ind2=" ">
    <subfield code="a">desy</subfield>
    <subfield code="c">hepcrawl</subfield>
    <subfield code="d">2023-11-25T22:25:12.772840</subfield>
    <subfield code="e">6479100</subfield>
  </datafield>
  <datafield tag="542" ind1=" " ind2=" ">
    <subfield code="d">The Author(s)</subfield>
    <subfield code="3">publication</subfield>
    <subfield code="g">2023</subfield>
  </datafield>
  <datafield tag="595" ind1=" " ind2=" ">
    <subfield code="a">paper</subfield>
  </datafield>
  <datafield tag="595" ind1=" " ind2=" ">
    <subfield code="a">DOKIFILE:iop-2023-11-25-04-50-JCAP2311_11</subfield>
  </datafield>
  <datafield tag="650" ind1="1" ind2="7">
    <subfield code="a">astro-ph.CO</subfield>
    <subfield code="2">arXiv</subfield>
  </datafield>
  <datafield tag="650" ind1="1" ind2="7">
    <subfield code="a">Astrophysics and Astronomy</subfield>
    <subfield code="2">SzGeCERN</subfield>
  </datafield>
  <datafield tag="690" ind1="C" ind2=" ">
    <subfield code="a">CERN</subfield>
  </datafield>
  <datafield tag="690" ind1="C" ind2=" ">
    <subfield code="a">ARTICLE</subfield>
  </datafield>
  <datafield tag="700" ind1=" " ind2=" ">
    <subfield code="a">Bellomo, N.</subfield>
    <subfield code="u">U. Texas, Austin (main)</subfield>
    <subfield code="v">Texas Center for Cosmology and Astroparticle Physics, Weinberg Institute, Department of Physics, The University of Texas at Austin, Austin, TX 78712, USA.</subfield>
  </datafield>
  <datafield tag="700" ind1=" " ind2=" ">
    <subfield code="a">Raccanelli, A.</subfield>
    <subfield code="u">Padua U.</subfield>
    <subfield code="u">INFN, Padua</subfield>
    <subfield code="u">Padua Observ.</subfield>
    <subfield code="u">CERN</subfield>
    <subfield code="v">Dipartimento di Fisica e Astronomia G. Galilei, Università degli Studi di Padova, via Marzolo 8, I-35131 Padova, Italy.</subfield>
    <subfield code="v">INFN, Sezione di Padova, via F. Marzolo 8, I-35131 Padova, Italy.</subfield>
    <subfield code="v">INAF Padova</subfield>
    <subfield code="v">Theoretical Physics Department, CERN, 1 Esplanade des Particules, 1211 Geneva 23, Switzerland</subfield>
  </datafield>
  <datafield tag="773" ind1=" " ind2=" ">
    <subfield code="c">086</subfield>
    <subfield code="y">2023</subfield>
    <subfield code="p">JCAP</subfield>
    <subfield code="v">2311</subfield>
  </datafield>
  <datafield tag="856" ind1="4" ind2=" ">
    <subfield code="8">2496011</subfield>
    <subfield code="s">111625</subfield>
    <subfield code="u">http://cds.cern.ch/record/2882311/files/BH_2G_mixed_models.png</subfield>
    <subfield code="y">00006 GW mixed population redshift distribution (\textit{top left panel}), bias (\textit{top right panel}), magnification bias (\textit{bottom left panel}) and evolution bias (\textit{bottom right panel}) for different values of~$f_\mathrm{PBH}$ and~$\mathcal{A}_m$. In this plot we consider only events detected by a second generation GW detector network. The \textit{light blue}, \textit{blue} and \textit{dark blue} lines correspond to the astrophysical BHs only ($f_\mathrm{PBH}=\mathcal{A}_\mathrm{m}=0$), mixed astrophysical and late time PBH ($f_\mathrm{PBH}=1,\ \mathcal{A}_\mathrm{m}=0$), and PBHs only ($f_\mathrm{PBH}=1,\ \mathcal{A}_\mathrm{m}=18$) scenarios, respectively. The \textit{green} lines refer to mixed models where different populations contribute to the total number of detected events.</subfield>
  </datafield>
  <datafield tag="856" ind1="4" ind2=" ">
    <subfield code="8">2496012</subfield>
    <subfield code="s">2079986</subfield>
    <subfield code="u">http://cds.cern.ch/record/2882311/files/Publication.pdf</subfield>
    <subfield code="y">Fulltext</subfield>
  </datafield>
  <datafield tag="856" ind1="4" ind2=" ">
    <subfield code="8">2496013</subfield>
    <subfield code="s">10842</subfield>
    <subfield code="u">http://cds.cern.ch/record/2882311/files/LPBH_properties.png</subfield>
    <subfield code="y">00005 Initial eccentricity (\textit{left panel}) and time delay (\textit{right panel}) probability distribution function for our choice of benchmark MMD (\textit{blue} lines) and EMD (\textit{orange} lines).</subfield>
  </datafield>
  <datafield tag="856" ind1="4" ind2=" ">
    <subfield code="8">2496014</subfield>
    <subfield code="s">107294</subfield>
    <subfield code="u">http://cds.cern.ch/record/2882311/files/BH_mixed_models.png</subfield>
    <subfield code="y">00000 GW mixed population redshift distribution (\textit{top left panel}), bias (\textit{top right panel}), magnification bias (\textit{bottom left panel}) and evolution bias (\textit{bottom right panel}) for different values of~$f_\mathrm{PBH}$ and~$\mathcal{A}_m$. In this plot we consider only events detected by a third generation GW detector network. The \textit{light blue}, \textit{blue} and \textit{dark blue} lines correspond to the astrophysical BHs only ($f_\mathrm{PBH}=\mathcal{A}_\mathrm{m}=0$), mixed astrophysical and late time PBH ($f_\mathrm{PBH}=1,\ \mathcal{A}_\mathrm{m}=0$), and PBHs only ($f_\mathrm{PBH}=1,\ \mathcal{A}_\mathrm{m}=18$) scenarios, respectively. In the mixed astrophysical and late time PBH scenario, late time PBHs contribute to approximately~$6\%$ of the total number of observed events. The \textit{green} lines refer to mixed models where different populations contribute to the total number of detected events.</subfield>
  </datafield>
  <datafield tag="856" ind1="4" ind2=" ">
    <subfield code="8">2496015</subfield>
    <subfield code="s">1946245</subfield>
    <subfield code="u">http://cds.cern.ch/record/2882311/files/2306.03031.pdf</subfield>
    <subfield code="y">Fulltext</subfield>
  </datafield>
  <datafield tag="856" ind1="4" ind2=" ">
    <subfield code="8">2496016</subfield>
    <subfield code="s">16772</subfield>
    <subfield code="u">http://cds.cern.ch/record/2882311/files/Clgg_relativedifference.png</subfield>
    <subfield code="y">00001 Galaxy angular power spectrum relative difference between Modified Gravity (MG) scenarios with respect to the $\Lambda$CDM case for redshift bins centered at~$z=0.4$ (\textit{left panel}) and~$z=3.6$ (\textit{right panel}). The Modified Gravity extra scale dependence is set at~$k_\mathrm{mg}\to\infty$ (\textit{yellow} line) and~$k_\mathrm{mg}=10^{-1}$, $10^{-2}$ and~$10^{-3}\ \mathrm{Mpc}^{-1}$ (\textit{orange}, \textit{red} and \textit{dark red} lines, respectively). We show the effect only for galaxies, however also the GW angular power spectrum and the galaxy-GW angular power spectra share a similar phenomenology.</subfield>
  </datafield>
  <datafield tag="856" ind1="4" ind2=" ">
    <subfield code="8">2496017</subfield>
    <subfield code="s">52040</subfield>
    <subfield code="u">http://cds.cern.ch/record/2882311/files/deltaz_pdf.png</subfield>
    <subfield code="y">00004 \textit{Top panels}: redshift error probability distribution function for second (\textit{left panel}) and third (\textit{right panel}) generation GW detector network for all binary populations considered in this work. \textit{Bottom panels}: average redshift localization error in different redshift bins for second (\textit{left panel}) and third (\textit{right panel}) generation GW detector network for all binary populations considered in this work. Solid and dashed lines refer to the redshift binning chosen for the SW and DL surveys, respectively. For comparison, the width of redshift bins in our analysis is~$2\Delta z=0.4$ and~$2\Delta z=0.2$ for SW and DL surveys, respectively.</subfield>
  </datafield>
  <datafield tag="856" ind1="4" ind2=" ">
    <subfield code="8">2496018</subfield>
    <subfield code="s">42366</subfield>
    <subfield code="u">http://cds.cern.ch/record/2882311/files/noise_efficiency.png</subfield>
    <subfield code="y">00003 \textit{Left panel}: One-sided noise spectral density for individual detectors belonging to second and third generation detector networks. \textit{Right panel}: Average detection efficiencies for different BBH sources and detector networks.</subfield>
  </datafield>
  <datafield tag="856" ind1="4" ind2=" ">
    <subfield code="8">2496019</subfield>
    <subfield code="s">482034</subfield>
    <subfield code="u">http://cds.cern.ch/record/2882311/files/SNR_ABH_PBH.png</subfield>
    <subfield code="y">00002 Total effective bias of the mixed BH binary population (\textit{top panels}) and~$\mathrm{SNR}$ obtained assuming astrophysical BHs are the fiducial model (\textit{bottom panels}), both for second (\textit{left panels}) and third generation (\textit{right panels}) GW detector network. The fiducial model is given by the conservative astrophysical BH benchmark model. The effective bias of the alternative model is defined in equation~\eqref{eq:mixed_model_bias_functions}. For the HLVIK case we consider the cross-correlation with the SW survey since it is the most promising case, while for the ET2CE case the results are equivalent for both kind of galaxy surveys.</subfield>
  </datafield>
  <datafield tag="960" ind1=" " ind2=" ">
    <subfield code="a">13</subfield>
  </datafield>
  <datafield tag="980" ind1=" " ind2=" ">
    <subfield code="a">ARTICLE</subfield>
  </datafield>
</record>