
<record>
  <controlfield tag="001">2882298</controlfield>
  <controlfield tag="005">20240326050258.0</controlfield>
  <datafield tag="024" ind1="8" ind2=" ">
    <subfield code="a">oai:cds.cern.ch:2882298</subfield>
    <subfield code="p">cerncds:FULLTEXT</subfield>
    <subfield code="p">cerncds:CERN:FULLTEXT</subfield>
    <subfield code="p">cerncds:CERN</subfield>
  </datafield>
  <datafield tag="024" ind1="7" ind2=" ">
    <subfield code="2">DOI</subfield>
    <subfield code="9">Elsevier Ltd</subfield>
    <subfield code="a">10.1016/j.matdes.2023.112187</subfield>
    <subfield code="q">publication</subfield>
  </datafield>
  <datafield tag="035" ind1=" " ind2=" ">
    <subfield code="9">arXiv</subfield>
    <subfield code="a">oai:arXiv.org:2304.04021</subfield>
  </datafield>
  <datafield tag="035" ind1=" " ind2=" ">
    <subfield code="a">oai:inspirehep.net:2650243</subfield>
    <subfield code="u">https://inspirehep.net/api/oai2d</subfield>
    <subfield code="9">Inspire</subfield>
    <subfield code="d">2024-03-25T08:14:51Z</subfield>
    <subfield code="h">2024-03-26T03:15:28Z</subfield>
    <subfield code="m">marcxml</subfield>
    <subfield code="t">true</subfield>
  </datafield>
  <datafield tag="035" ind1=" " ind2=" ">
    <subfield code="9">Inspire</subfield>
    <subfield code="a">2650243</subfield>
  </datafield>
  <datafield tag="037" ind1=" " ind2=" ">
    <subfield code="9">arXiv</subfield>
    <subfield code="a">arXiv:2304.04021</subfield>
    <subfield code="c">physics.acc-ph</subfield>
  </datafield>
  <datafield tag="041" ind1=" " ind2=" ">
    <subfield code="a">eng</subfield>
  </datafield>
  <datafield tag="100" ind1=" " ind2=" ">
    <subfield code="a">Solfiti, Emanuele</subfield>
    <subfield code="m">emanuele.solfiti@ntnu.no</subfield>
    <subfield code="u">Norwegian U. Sci. Tech.</subfield>
    <subfield code="v">Department of Mechanical and Industrial Engineering, Norwegian University of Science and Technology, Richard Birkelands vei 2B, Trondheim, 7491, Norway</subfield>
  </datafield>
  <datafield tag="245" ind1=" " ind2=" ">
    <subfield code="9">Elsevier Ltd</subfield>
    <subfield code="a">FIB-SEM investigation and uniaxial compression of flexible graphite</subfield>
  </datafield>
  <datafield tag="260" ind1=" " ind2=" ">
    <subfield code="c">2023-07-26</subfield>
  </datafield>
  <datafield tag="260" ind1=" " ind2=" ">
    <subfield code="c">2023-09</subfield>
  </datafield>
  <datafield tag="269" ind1=" " ind2=" ">
    <subfield code="c">2023-04-08</subfield>
  </datafield>
  <datafield tag="300" ind1=" " ind2=" ">
    <subfield code="a">16 p</subfield>
  </datafield>
  <datafield tag="520" ind1=" " ind2=" ">
    <subfield code="9">arXiv</subfield>
    <subfield code="a">Flexible graphite (FG) with 1 - 1.2 g/cm$^3$ density is employed as beam energy absorber material in the CERN's Large Hadron Collider (LHC) beam dumping system. However, the increase of energy deposited expected for new HL-LHC (High-Luminosity LHC) design demanded for an improvement in reliability and safety of beam dumping devices, and the need for a calibrated material model suitable for high-level FE simulations has been prioritized. This work sets the basic knowledge to develop a material model for FG suitable to this aim. A review of the FG properties available in literature is first given, followed by FIB-SEM (Focused Ion Beam - Scanning Electron Microscopy) microstructure investigation and monotonic and cyclic uniaxial compression tests. Similarities with other well-known groups of materials such as crushable foams, crumpled materials and compacted powders have been discussed. A simple 1D phenomenological model has been used to fit the experimental stress-strain curves and the accuracy of the result supports the assumptions that the graphite-like microstructure and the crumpled meso-structure play the major role under out-of-plane uniaxial compression.</subfield>
  </datafield>
  <datafield tag="540" ind1=" " ind2=" ">
    <subfield code="3">preprint</subfield>
    <subfield code="a">arXiv nonexclusive-distrib 1.0</subfield>
    <subfield code="u">http://arxiv.org/licenses/nonexclusive-distrib/1.0/</subfield>
  </datafield>
  <datafield tag="540" ind1=" " ind2=" ">
    <subfield code="3">publication</subfield>
    <subfield code="a">CC BY 4.0</subfield>
    <subfield code="u">http://creativecommons.org/licenses/by/4.0/</subfield>
  </datafield>
  <datafield tag="542" ind1=" " ind2=" ">
    <subfield code="3">publication</subfield>
    <subfield code="d">The Author(s)</subfield>
    <subfield code="g">2023</subfield>
  </datafield>
  <datafield tag="650" ind1="1" ind2="7">
    <subfield code="2">arXiv</subfield>
    <subfield code="a">physics.acc-ph</subfield>
  </datafield>
  <datafield tag="650" ind1="1" ind2="7">
    <subfield code="2">SzGeCERN</subfield>
    <subfield code="a">Accelerators and Storage Rings</subfield>
  </datafield>
  <datafield tag="690" ind1="C" ind2=" ">
    <subfield code="a">CERN</subfield>
  </datafield>
  <datafield tag="690" ind1="C" ind2=" ">
    <subfield code="a">ARTICLE</subfield>
  </datafield>
  <datafield tag="700" ind1=" " ind2=" ">
    <subfield code="a">Wan, Di</subfield>
    <subfield code="u">Norwegian U. Sci. Tech.</subfield>
    <subfield code="v">Department of Mechanical and Industrial Engineering, Norwegian University of Science and Technology, Richard Birkelands vei 2B, Trondheim, 7491, Norway</subfield>
  </datafield>
  <datafield tag="700" ind1=" " ind2=" ">
    <subfield code="a">Celotto, Ambra</subfield>
    <subfield code="u">Norwegian U. Sci. Tech.</subfield>
    <subfield code="v">Department of Mechanical and Industrial Engineering, Norwegian University of Science and Technology, Richard Birkelands vei 2B, Trondheim, 7491, Norway</subfield>
  </datafield>
  <datafield tag="700" ind1=" " ind2=" ">
    <subfield code="a">Solieri, Nicola</subfield>
    <subfield code="u">CERN</subfield>
    <subfield code="v">CERN, Geneva, Switzerland</subfield>
  </datafield>
  <datafield tag="700" ind1=" " ind2=" ">
    <subfield code="a">Munoz, Pablo Andreu</subfield>
    <subfield code="u">CERN</subfield>
    <subfield code="v">CERN, Geneva, Switzerland</subfield>
  </datafield>
  <datafield tag="700" ind1=" " ind2=" ">
    <subfield code="a">Ximenes, Rui Franqueira</subfield>
    <subfield code="u">CERN</subfield>
    <subfield code="v">CERN, Geneva, Switzerland</subfield>
  </datafield>
  <datafield tag="700" ind1=" " ind2=" ">
    <subfield code="a">Heredia, Jorge Maestre</subfield>
    <subfield code="u">CERN</subfield>
    <subfield code="v">CERN, Geneva, Switzerland</subfield>
  </datafield>
  <datafield tag="700" ind1=" " ind2=" ">
    <subfield code="a">Martin, Claudio Leopoldo Torregrosa</subfield>
    <subfield code="u">CERN</subfield>
    <subfield code="v">CERN, Geneva, Switzerland</subfield>
  </datafield>
  <datafield tag="700" ind1=" " ind2=" ">
    <subfield code="a">Nuiry, Antonio Perillo Marcone Francois-Xavier</subfield>
    <subfield code="u">CERN</subfield>
    <subfield code="v">CERN, Geneva, Switzerland</subfield>
  </datafield>
  <datafield tag="700" ind1=" " ind2=" ">
    <subfield code="a">Nuiry, F.X.</subfield>
    <subfield code="u">CERN</subfield>
    <subfield code="v">CERN, Geneva, Switzerland</subfield>
  </datafield>
  <datafield tag="700" ind1=" " ind2=" ">
    <subfield code="a">Alvaro, Antonio</subfield>
    <subfield code="u">SINTEF, Oslo</subfield>
    <subfield code="v">Department of Material and Nanotechnology, SINTEF Industry, Richard Birkelands vei 3, Trondheim, 7034, Norway</subfield>
  </datafield>
  <datafield tag="700" ind1=" " ind2=" ">
    <subfield code="a">Berto, Filippo</subfield>
    <subfield code="u">SINTEF, Oslo</subfield>
    <subfield code="v">Department of Mechanical and Industrial Engineering, Norwegian University of Science and Technology, Richard Birkelands vei 2B, Trondheim, 7491, Norway</subfield>
    <subfield code="v">Department of Chemical Engineering, Sapienza University of Rome, Rome, Italy</subfield>
  </datafield>
  <datafield tag="700" ind1=" " ind2=" ">
    <subfield code="a">Calviani, Marco</subfield>
    <subfield code="u">CERN</subfield>
    <subfield code="v">CERN, Geneva, Switzerland</subfield>
  </datafield>
  <datafield tag="773" ind1=" " ind2=" ">
    <subfield code="c">112187</subfield>
    <subfield code="m">publication</subfield>
    <subfield code="p">Materials &amp; Design</subfield>
    <subfield code="v">233</subfield>
    <subfield code="y">2023</subfield>
  </datafield>
  <datafield tag="856" ind1="4" ind2=" ">
    <subfield code="8">2495852</subfield>
    <subfield code="s">34711</subfield>
    <subfield code="u">http://cds.cern.ch/record/2882298/files/FIB_SEM_hole_scheme.png</subfield>
    <subfield code="y">00002 (a) Schematic illustration of the section obtained by FIB-SEM and (b) top view of the actual section</subfield>
  </datafield>
  <datafield tag="856" ind1="4" ind2=" ">
    <subfield code="8">2495853</subfield>
    <subfield code="s">20553</subfield>
    <subfield code="u">http://cds.cern.ch/record/2882298/files/Fitting_TrueStress_TrueStrain.png</subfield>
    <subfield code="y">00031 (a) True stress vs relative density curves. Both $\rho^*$ and $\rho_p^*$ are used as dependent variable. (b) Example of experimental curve fitting by means of equation (\ref{eq:13}), including scatter in the strains at flex and schematic view of proposed rheological model.</subfield>
  </datafield>
  <datafield tag="856" ind1="4" ind2=" ">
    <subfield code="8">2495854</subfield>
    <subfield code="s">21947</subfield>
    <subfield code="u">http://cds.cern.ch/record/2882298/files/CyclicModulus_vs_RelativeDensity_Literature.png</subfield>
    <subfield code="y">00027 (a) Tangent slope or modulus in the initial part of loading cycles. This is taken as the slope of true stress-true strain loading path right after the toe is finished. The initial strain is found by intersection of the tangent line with the x-axis and then converted to relative density by assuming no lateral deformation. The cycles not reaching at least 0.5 MPa peak stress were not included in the calculation. (b) compression moduli vs relative density including data from literature. $^{(1)}$Data from \citep{Afanasov2009}, $^{(2)}$Data from \citep{Celzard2005}, $^{(3)}$Data from \citep{Cermak2020compression}, $^{(4)}$Data from \citep{NeografSolutions2002}, $^{(5)}$Data from \citep{Krzesinska2001}. Only data points at $\rho_p^* >$ 0.1 were considered in the linear fit.</subfield>
  </datafield>
  <datafield tag="856" ind1="4" ind2=" ">
    <subfield code="8">2495855</subfield>
    <subfield code="s">25807</subfield>
    <subfield code="u">http://cds.cern.ch/record/2882298/files/CyclicModulus_vs_RelativeDensity_v3.png</subfield>
    <subfield code="y">00026 (a) Tangent slope or modulus in the initial part of loading cycles. This is taken as the slope of true stress-true strain loading path right after the toe is finished. The initial strain is found by intersection of the tangent line with the x-axis and then converted to relative density by assuming no lateral deformation. The cycles not reaching at least 0.5 MPa peak stress were not included in the calculation. (b) compression moduli vs relative density including data from literature. $^{(1)}$Data from \citep{Afanasov2009}, $^{(2)}$Data from \citep{Celzard2005}, $^{(3)}$Data from \citep{Cermak2020compression}, $^{(4)}$Data from \citep{NeografSolutions2002}, $^{(5)}$Data from \citep{Krzesinska2001}. Only data points at $\rho_p^* >$ 0.1 were considered in the linear fit.</subfield>
  </datafield>
  <datafield tag="856" ind1="4" ind2=" ">
    <subfield code="8">2495856</subfield>
    <subfield code="s">39038</subfield>
    <subfield code="u">http://cds.cern.ch/record/2882298/files/hist_AR.png</subfield>
    <subfield code="y">00013 \scriptsize Results from image analysis: (a) pores as obtained by watershed segmentation, highlighted, and overlapped to the original image, (b) hard and soft phase distinction as obtained by image FFT cropping and thresholding, (c) maximum inscribed circle radii R$_{ins}$ distribution, (d) half of maximum Feret diameter R$_{max}$ distribution, (e) aspect ratio AR distribution, defined as fraction of the previous two quantities and (f) pore equivalent radii distribution.</subfield>
  </datafield>
  <datafield tag="856" ind1="4" ind2=" ">
    <subfield code="8">2495857</subfield>
    <subfield code="s">9454</subfield>
    <subfield code="u">http://cds.cern.ch/record/2882298/files/TrueStress_TrueStrain_TangentSlope.png</subfield>
    <subfield code="y">00021 (a) Uniaxial compression curves of Sigraflex\textsuperscript{\textregistered}, (b) average curve and relative tangent slope, (c) monotonic loading up to 7 MPa and subsequent cyclic reloading after full recovery and (d) comparison between curves obtained by shifting in the strain axis and curves obtained by considering zero trues stress at the virtual preload of 0.3 MPa</subfield>
  </datafield>
  <datafield tag="856" ind1="4" ind2=" ">
    <subfield code="8">2495858</subfield>
    <subfield code="s">1958467</subfield>
    <subfield code="u">http://cds.cern.ch/record/2882298/files/CC_complete_legend.png</subfield>
    <subfield code="y">00010 \scriptsize Results from image analysis: (a) pores as obtained by watershed segmentation, highlighted, and overlapped to the original image, (b) hard and soft phase distinction as obtained by image FFT cropping and thresholding, (c) maximum inscribed circle radii R$_{ins}$ distribution, (d) half of maximum Feret diameter R$_{max}$ distribution, (e) aspect ratio AR distribution, defined as fraction of the previous two quantities and (f) pore equivalent radii distribution.</subfield>
  </datafield>
  <datafield tag="856" ind1="4" ind2=" ">
    <subfield code="8">2495859</subfield>
    <subfield code="s">762271</subfield>
    <subfield code="u">http://cds.cern.ch/record/2882298/files/montage_v2_reduced.png</subfield>
    <subfield code="y">00015 FIB-SEM investigation of a particle detached from the specimen top surface. The magnification views shows aligned and misaligned regions in the inner micro-structure.</subfield>
  </datafield>
  <datafield tag="856" ind1="4" ind2=" ">
    <subfield code="8">2495860</subfield>
    <subfield code="s">14573</subfield>
    <subfield code="u">http://cds.cern.ch/record/2882298/files/ResidualStrains.png</subfield>
    <subfield code="y">00028 (a) Radial and axial residual strains, and (b) radial/axial residual strain ratio. The measures of the sample thickness were taken by a digital calliper at least 30 minutes after each test and compared with the machine displacement in (b). The latter represents the values of the thickness right after the test end and the dashes lines represent the waiting time before each measurement ($\geq$ 30 minutes).</subfield>
  </datafield>
  <datafield tag="856" ind1="4" ind2=" ">
    <subfield code="8">2495861</subfield>
    <subfield code="s">956299</subfield>
    <subfield code="u">http://cds.cern.ch/record/2882298/files/FIB_SEM_hole_reduced.png</subfield>
    <subfield code="y">00003 (a) Schematic illustration of the section obtained by FIB-SEM and (b) top view of the actual section</subfield>
  </datafield>
  <datafield tag="856" ind1="4" ind2=" ">
    <subfield code="8">2495862</subfield>
    <subfield code="s">295029</subfield>
    <subfield code="u">http://cds.cern.ch/record/2882298/files/TDE_Core.png</subfield>
    <subfield code="y">00000 Schematic illustration of the Target Dump External (TDE) graphitic core.</subfield>
  </datafield>
  <datafield tag="856" ind1="4" ind2=" ">
    <subfield code="8">2495863</subfield>
    <subfield code="s">26883</subfield>
    <subfield code="u">http://cds.cern.ch/record/2882298/files/hist_Rins.png</subfield>
    <subfield code="y">00011 \scriptsize Results from image analysis: (a) pores as obtained by watershed segmentation, highlighted, and overlapped to the original image, (b) hard and soft phase distinction as obtained by image FFT cropping and thresholding, (c) maximum inscribed circle radii R$_{ins}$ distribution, (d) half of maximum Feret diameter R$_{max}$ distribution, (e) aspect ratio AR distribution, defined as fraction of the previous two quantities and (f) pore equivalent radii distribution.</subfield>
  </datafield>
  <datafield tag="856" ind1="4" ind2=" ">
    <subfield code="8">2495864</subfield>
    <subfield code="s">620876</subfield>
    <subfield code="u">http://cds.cern.ch/record/2882298/files/Compression_specimens_reduced.png</subfield>
    <subfield code="y">00017 (a) Single sheet and stacked specimens’ geometry and stack specimen residual deformation (top and bottom, respectively). Testing example of single sheet (b) and stacked (c) specimens.</subfield>
  </datafield>
  <datafield tag="856" ind1="4" ind2=" ">
    <subfield code="8">2495865</subfield>
    <subfield code="s">21244</subfield>
    <subfield code="u">http://cds.cern.ch/record/2882298/files/TrueStress_TrueStrain_Precond2.png</subfield>
    <subfield code="y">00025 Cyclic curves: (a) example of cyclic curve, including a magnification view of the first cycles at low loads. 2 cycles at the same peak strain were done only up to 5\% true strain. (b) Stabilization at 1 MPa peak stress and cyclic loading at higher peak strains. The material has almost perfect memory of stress-strain extremals from the second cycle on.</subfield>
  </datafield>
  <datafield tag="856" ind1="4" ind2=" ">
    <subfield code="8">2495866</subfield>
    <subfield code="s">14886</subfield>
    <subfield code="u">http://cds.cern.ch/record/2882298/files/Monotonic_Static_Comparison.png</subfield>
    <subfield code="y">00023 (a) Uniaxial compression curves of Sigraflex\textsuperscript{\textregistered}, (b) average curve and relative tangent slope, (c) monotonic loading up to 7 MPa and subsequent cyclic reloading after full recovery and (d) comparison between curves obtained by shifting in the strain axis and curves obtained by considering zero trues stress at the virtual preload of 0.3 MPa</subfield>
  </datafield>
  <datafield tag="856" ind1="4" ind2=" ">
    <subfield code="8">2495867</subfield>
    <subfield code="s">10149481</subfield>
    <subfield code="u">http://cds.cern.ch/record/2882298/files/2304.04021.pdf</subfield>
    <subfield code="y">Fulltext</subfield>
  </datafield>
  <datafield tag="856" ind1="4" ind2=" ">
    <subfield code="8">2495868</subfield>
    <subfield code="s">327966</subfield>
    <subfield code="u">http://cds.cern.ch/record/2882298/files/Compression_test_stack_reduced.png</subfield>
    <subfield code="y">00019 (a) Single sheet and stacked specimens’ geometry and stack specimen residual deformation (top and bottom, respectively). Testing example of single sheet (b) and stacked (c) specimens.</subfield>
  </datafield>
  <datafield tag="856" ind1="4" ind2=" ">
    <subfield code="8">2495869</subfield>
    <subfield code="s">10409</subfield>
    <subfield code="u">http://cds.cern.ch/record/2882298/files/TrueStress_TrueStrain_AsTheyAre.png</subfield>
    <subfield code="y">00020 (a) Uniaxial compression curves of Sigraflex\textsuperscript{\textregistered}, (b) average curve and relative tangent slope, (c) monotonic loading up to 7 MPa and subsequent cyclic reloading after full recovery and (d) comparison between curves obtained by shifting in the strain axis and curves obtained by considering zero trues stress at the virtual preload of 0.3 MPa</subfield>
  </datafield>
  <datafield tag="856" ind1="4" ind2=" ">
    <subfield code="8">2495870</subfield>
    <subfield code="s">9118</subfield>
    <subfield code="u">http://cds.cern.ch/record/2882298/files/PlasticPoisson.png</subfield>
    <subfield code="y">00029 (a) Radial and axial residual strains, and (b) radial/axial residual strain ratio. The measures of the sample thickness were taken by a digital calliper at least 30 minutes after each test and compared with the machine displacement in (b). The latter represents the values of the thickness right after the test end and the dashes lines represent the waiting time before each measurement ($\geq$ 30 minutes).</subfield>
  </datafield>
  <datafield tag="856" ind1="4" ind2=" ">
    <subfield code="8">2495871</subfield>
    <subfield code="s">572151</subfield>
    <subfield code="u">http://cds.cern.ch/record/2882298/files/SEM_results_reduced_d.png</subfield>
    <subfield code="y">00008 Micro-structure of Sigraflex\textsuperscript{\textregistered}: magnified views.</subfield>
  </datafield>
  <datafield tag="856" ind1="4" ind2=" ">
    <subfield code="8">2495872</subfield>
    <subfield code="s">798700</subfield>
    <subfield code="u">http://cds.cern.ch/record/2882298/files/SEM_results_reduced_a.png</subfield>
    <subfield code="y">00005 Micro-structure of Sigraflex\textsuperscript{\textregistered}: magnified views.</subfield>
  </datafield>
  <datafield tag="856" ind1="4" ind2=" ">
    <subfield code="8">2495873</subfield>
    <subfield code="s">720389</subfield>
    <subfield code="u">http://cds.cern.ch/record/2882298/files/SEM_results_reduced_c.png</subfield>
    <subfield code="y">00007 Micro-structure of Sigraflex\textsuperscript{\textregistered}: magnified views.</subfield>
  </datafield>
  <datafield tag="856" ind1="4" ind2=" ">
    <subfield code="8">2495874</subfield>
    <subfield code="s">776624</subfield>
    <subfield code="u">http://cds.cern.ch/record/2882298/files/SEM_results_reduced_b.png</subfield>
    <subfield code="y">00006 Micro-structure of Sigraflex\textsuperscript{\textregistered}: magnified views.</subfield>
  </datafield>
  <datafield tag="856" ind1="4" ind2=" ">
    <subfield code="8">2495875</subfield>
    <subfield code="s">36209</subfield>
    <subfield code="u">http://cds.cern.ch/record/2882298/files/hist_Rmax.png</subfield>
    <subfield code="y">00012 \scriptsize Results from image analysis: (a) pores as obtained by watershed segmentation, highlighted, and overlapped to the original image, (b) hard and soft phase distinction as obtained by image FFT cropping and thresholding, (c) maximum inscribed circle radii R$_{ins}$ distribution, (d) half of maximum Feret diameter R$_{max}$ distribution, (e) aspect ratio AR distribution, defined as fraction of the previous two quantities and (f) pore equivalent radii distribution.</subfield>
  </datafield>
  <datafield tag="856" ind1="4" ind2=" ">
    <subfield code="8">2495876</subfield>
    <subfield code="s">15338</subfield>
    <subfield code="u">http://cds.cern.ch/record/2882298/files/CyclicPeakStress_ResidualRelativeDensity.png</subfield>
    <subfield code="y">00030 (a) True stress vs relative density curves. Both $\rho^*$ and $\rho_p^*$ are used as dependent variable. (b) Example of experimental curve fitting by means of equation (\ref{eq:13}), including scatter in the strains at flex and schematic view of proposed rheological model.</subfield>
  </datafield>
  <datafield tag="856" ind1="4" ind2=" ">
    <subfield code="8">2495877</subfield>
    <subfield code="s">21016</subfield>
    <subfield code="u">http://cds.cern.ch/record/2882298/files/TrueStress_TrueStrain_Cyclic.png</subfield>
    <subfield code="y">00024 Cyclic curves: (a) example of cyclic curve, including a magnification view of the first cycles at low loads. 2 cycles at the same peak strain were done only up to 5\% true strain. (b) Stabilization at 1 MPa peak stress and cyclic loading at higher peak strains. The material has almost perfect memory of stress-strain extremals from the second cycle on.</subfield>
  </datafield>
  <datafield tag="856" ind1="4" ind2=" ">
    <subfield code="8">2495878</subfield>
    <subfield code="s">15899</subfield>
    <subfield code="u">http://cds.cern.ch/record/2882298/files/mechanical_properties_3.png</subfield>
    <subfield code="y">00016 Visual summary of elastic moduli and yield strengths for 1 g/cm$^{3}$ FG. In-plane isotropy is assumed.$^{(1)}$Data from \citep{Gu2002}, $^{(2)}$Data from \citep{Krzesinska2001}, $^{(3)}$Data from \citep{Solfiti2020_dump}, $^{(4)}$Data from \citep{Dowell1986}, $^{(*)}$Data from this work.</subfield>
  </datafield>
  <datafield tag="856" ind1="4" ind2=" ">
    <subfield code="8">2495879</subfield>
    <subfield code="s">15942</subfield>
    <subfield code="u">http://cds.cern.ch/record/2882298/files/TrueStress_TrueStrain_Reload.png</subfield>
    <subfield code="y">00022 (a) Uniaxial compression curves of Sigraflex\textsuperscript{\textregistered}, (b) average curve and relative tangent slope, (c) monotonic loading up to 7 MPa and subsequent cyclic reloading after full recovery and (d) comparison between curves obtained by shifting in the strain axis and curves obtained by considering zero trues stress at the virtual preload of 0.3 MPa</subfield>
  </datafield>
  <datafield tag="856" ind1="4" ind2=" ">
    <subfield code="8">2495880</subfield>
    <subfield code="s">33109</subfield>
    <subfield code="u">http://cds.cern.ch/record/2882298/files/hist_Req.png</subfield>
    <subfield code="y">00014 \scriptsize Results from image analysis: (a) pores as obtained by watershed segmentation, highlighted, and overlapped to the original image, (b) hard and soft phase distinction as obtained by image FFT cropping and thresholding, (c) maximum inscribed circle radii R$_{ins}$ distribution, (d) half of maximum Feret diameter R$_{max}$ distribution, (e) aspect ratio AR distribution, defined as fraction of the previous two quantities and (f) pore equivalent radii distribution.</subfield>
  </datafield>
  <datafield tag="856" ind1="4" ind2=" ">
    <subfield code="8">2495881</subfield>
    <subfield code="s">466418</subfield>
    <subfield code="u">http://cds.cern.ch/record/2882298/files/Compression_test_single_sheet_reduced.png</subfield>
    <subfield code="y">00018 (a) Single sheet and stacked specimens’ geometry and stack specimen residual deformation (top and bottom, respectively). Testing example of single sheet (b) and stacked (c) specimens.</subfield>
  </datafield>
  <datafield tag="856" ind1="4" ind2=" ">
    <subfield code="8">2495882</subfield>
    <subfield code="s">6346956</subfield>
    <subfield code="u">http://cds.cern.ch/record/2882298/files/CC_hard+soft_legend.png</subfield>
    <subfield code="y">00009 \scriptsize Results from image analysis: (a) pores as obtained by watershed segmentation, highlighted, and overlapped to the original image, (b) hard and soft phase distinction as obtained by image FFT cropping and thresholding, (c) maximum inscribed circle radii R$_{ins}$ distribution, (d) half of maximum Feret diameter R$_{max}$ distribution, (e) aspect ratio AR distribution, defined as fraction of the previous two quantities and (f) pore equivalent radii distribution.</subfield>
  </datafield>
  <datafield tag="856" ind1="4" ind2=" ">
    <subfield code="8">2495883</subfield>
    <subfield code="s">835372</subfield>
    <subfield code="u">http://cds.cern.ch/record/2882298/files/FIB_SEM_example_reduced.png</subfield>
    <subfield code="y">00004 Schematic illustration of the section obtained by FIB-SEM together with its relative dimensions with respect to the whole specimen thickness</subfield>
  </datafield>
  <datafield tag="856" ind1="4" ind2=" ">
    <subfield code="8">2495884</subfield>
    <subfield code="s">81472</subfield>
    <subfield code="u">http://cds.cern.ch/record/2882298/files/production_process_3.png</subfield>
    <subfield code="y">00001 Production process of FG. The compaction stage is usually made by rolling compression up to $\rho$ = 0.7 – 1.9 g/cm$^{3}$. On the bottom, a virtual cross section of the final sheet is highlighted together with the expected cell deformation mode under compression.</subfield>
  </datafield>
  <datafield tag="856" ind1="4" ind2=" ">
    <subfield code="8">2517855</subfield>
    <subfield code="s">7685866</subfield>
    <subfield code="u">http://cds.cern.ch/record/2882298/files/Publication.pdf</subfield>
    <subfield code="y">Fulltext</subfield>
  </datafield>
  <datafield tag="960" ind1=" " ind2=" ">
    <subfield code="a">13</subfield>
  </datafield>
  <datafield tag="980" ind1=" " ind2=" ">
    <subfield code="a">ARTICLE</subfield>
  </datafield>
</record>
</collection>
